2942 4750
396 255 492 315 nis.
514 240 613 315 suu.
648 240 748 314 can.
772 237 894 315 xxiii.
1138 250 1175 317 ss

157 414 222 478 ide
235 417 410 502 quaestione
430 417 466 479 in
488 430 521 481 se
540 418 644 503 posita
664 430 807 482 senatum
822 416 1041 483 consuluisset.
1086 419 1214 485 Huio'v.
1226 424 1323 485 cissa

110 432 329 566 ditrectationi
351 504 418 588 ejus
440 501 685 588 tribuniplebis,
706 505 835 569 alterius
857 503 1033 588 rogationis
1056 501 1254 570 neuun-M·
1267 502 1322 550 ¹²2

28 656 33 667 ‚
111 586 257 665 ciatione,
273 588 505 653 obcurrerunt:
527 601 574 666 ut,
591 589 617 651 si
638 611 703 653 non
725 603 799 653 ante
820 588 896 653 Idus
919 588 1119 653 Novembres
1143 593 1176 657 iu

109 671 222 735 urbem
240 675 379 738 Romam
393 675 564 755 introisset,
578 675 620 738 de
633 678 762 739 absente
783 698 822 738 eo
846 676 883 739 C.
900 675 1044 739 Licinius
1060 688 1184 740 statue:

108 768 158 820 ret
173 780 211 821 ac
221 758 388 844 judicaret.
433 759 511 824 Hoc
532 773 650 824 nactus
669 760 799 825 vinculo
819 782 919 844 quum
941 760 1083 837 redisset,
1098 762 1177 825 ⁷¹in-

62 849 69 869 '
108 844 196 941 genti
221 867 295 907 cuin
322 845 441 908 invidia
462 847 495 908 in
519 856 662 910 senatum
684 848 782 910 venit.
827 846 878 909 Ibi
922 866 998 909 uum
1021 847 1178 913 laceratus

104 928 222 1015 jurgiis
251 931 425 994 multorum
457 938 550 1011 esset,
570 931 876 996 senatusconsultum
899 869 1014 995 iisctum
1049 944 1104 1009 est,
1128 934 1182 1015 ut,

107 1015 165 1097 qui
181 1014 337 1100 Ligurum
353 1030 426 1101 post
441 1015 484 1092 Q.
501 1017 660 1092 Fulvium,
678 1017 718 1080 L.
735 1016 896 1081 Manlium
911 1016 1056 1080 consules
1070 1018 1178 1083 hostes

108 1117 176 1161 non
197 1100 340 1178 fuissent,
361 1115 398 1166 ut
418 1123 472 1164 eos
494 1103 533 1165 C.
549 1103 700 1179 Licinius,
726 1104 786 1167 Cn.
804 1103 942 1166 Sicinius
965 1115 1116 1185 praetores
1140 1104 1177 1168 in

66 1248 79 1267 ‚
107 1180 289 1249 libertatern
305 1187 516 1250 restituendos
536 1200 693 1264 curarent,
709 1210 821 1273 agrum
844 1210 885 1250 ue
898 1188 935 1250 iis
951 1197 1036 1251 trans
1053 1188 1178 1253 Padum
1196 1214 1200 1221 ·

14 1268 59 1304 ¹⁵⁴⁹
107 1273 220 1333 consul
236 1271 274 1335 C.
291 1272 445 1357 Popillius
456 1273 557 1337 daret.
604 1273 711 1338 Multa
722 1210 996 1338 miiliabominum
1010 1273 1073 1337 hoo
1087 1290 1195 1338 sena-⁴

106 1360 307 1422 tusconsulto
331 1359 473 1423 restituta
498 1360 532 1421 in
554 1358 743 1435 libertatem,
766 1358 1033 1441 transductisquet
1050 1359 1194 1425 Padum'¹

108 1461 187 1527 ager
216 1454 265 1505 est
293 1443 487 1543 adsignatus.
532 1445 580 1507 M.
605 1444 773 1528 Popillius·
789 1443 953 1530 rogatione
983 1443 1108 1508 Marcia
1129 1444 1178 1509 bis

106 1527 196 1608 apud
212 1527 249 1593 C.
266 1529 427 1593 Licinium
444 1551 584 1593 caussam
606 1528 708 1593 dixit:
731 1530 825 1593 tertio
841 1544 968 1610 praetor,
983 1530 1086 1615 gratia
1100 1551 1178 1593 con·

107 1609 189 1672 sniis
210 1612 345 1678 absentis
371 1630 405 1679 et
429 1614 575 1699 Popittiae
607 1612 736 1678 familias
758 1617 904 1700 precibus
930 1615 1041 1691 victus,
1066 1615 1178 1678 Idibus

106 1693 241 1759 Martiis
254 1700 362 1765 adesse
376 1722 465 1765 reum
476 1702 580 1784 jussit,
596 1722 660 1786 quo
681 1700 734 1764 die
755 1704 829 1765 novi
851 1701 1053 1786 magistratus
1067 1701 1179 1763 inituri

106 1793 203 1845 erant
216 1782 392 1862 honorem:
415 1807 456 1849 ne
477 1786 596 1850 diceret
612 1788 675 1872 jus,
698 1787 754 1871 qui
776 1786 917 1870 privatus
938 1786 1065 1848 futurus
1088 1794 1178 1848 esset.

104 1865 161 1930 lta
175 1888 211 1930 ro
254 1872 301 1934 tio
315 1872 356 1934 de
371 1871 545 1972 Liguribus
559 1886 627 1936 arte
640 1871 744 1936 fallaci
759 1873 846 1935 elusa
859 1884 915 1934 est.

150 1952 184 2016 X
224 1955 290 2021 111.
314 1956 427 2044 Legati
442 1958 722 2045 Karthaginienses
737 1980 775 2021 eo
786 1971 932 2042 ternpore
947 1955 1060 2019 Romae
1075 1965 1176 2032 erant,

105 2050 139 2100 et
155 2036 296 2105 Gulussa
310 2041 395 2105 filius
410 2042 607 2107 Masinissa:
629 2044 715 2108 inter
736 2066 790 2107 eos
811 2063 937 2130 magnae
958 2041 1177 2106 contentiones

102 2121 139 2184 in
157 2136 269 2190 senatu
280 2125 379 2191 fuere.
404 2128 685 2214 Karthaginienses
701 2130 923 2214 querebantur,
928 2140 1044 2211 prater
1057 2149 1176 2211 agam,
1187 2141 1225 2216 De
1237 2140 1313 2189 Masi-

101 2209 144 2271 de
157 2230 217 2292 qiro
232 2221 306 2275 ante
319 2216 417 2297 legati
431 2215 470 2277 ab
485 2215 596 2295 Romo,
610 2220 632 2253 ⁷¹
641 2219 695 2299 qui
707 2217 740 2278 in
754 2239 789 2278 re
799 2217 944 2297 praesenti
954 2223 1175 2299 cognoscerem,
1186 2206 1331 2327 mgni

100 2294 193 2356 missi
207 2306 313 2371 essent,
322 2300 460 2380 'amplius
472 2302 669 2382 septuaginta
682 2302 796 2382 oppida
811 2302 991 2381 castelloque
1005 2300 1076 2382 agri
1091 2298 1176 2360 Kor—
1187 2296 1342 2392 umquam}

100 2378 315 2457 thaginiensis
329 2381 447 2444 biamio
457 2385 601 2464 proximo
614 2384 815 2445 Masinissam
831 2387 862 2444 ni
877 2393 966 2462 atqie
977 2384 1070 2443 armis
1076 2398 1214 2460 posse-in
1226 2405 1318 2445 emta

100 2461 197 2526 dian.
245 2461 286 2523 Id
308 2464 367 2536 itti,
388 2466 467 2524 ”eni
483 2464 563 2523 nibil
577 2466 668 2542 pensi
683 2466 734 2534 sit,
739 2465 842 2544 facite
861 2483 932 2523 esse.
976 2464 1182 2542 Karthagini-

100 2565 196 2611 enses
196 2545 326 2628 soedere
337 2547 483 2631 inligatos
492 2545 593 2608 silere.
628 2544 798 2610 Prohiberi
806 2547 883 2607 enim
895 2547 1070 2626 ertrastnes
1080 2545 1184 2632 fferre

28 2679 34 2700 .
99 2650 212 2695 arma.
261 2630 455 2715 Quamquam
475 2632 586 2707 sciant,
610 2633 644 2695 in
665 2632 866 2713 misfiriibus,
887 2631 916 2693 si
938 2633 1009 2693 inde
1030 2631 1182 2698 Numidas

94 2718 263 2800 pellerent,
278 2732 312 2779 se
319 2728 461 2801 gesturos
473 2718 605 2792 oellmn,·
626 2717 680 2780 ilio
693 2718 779 2779 baud
784 2717 929 2801 ambigna
942 2715 1181 2798 capitefoederis

100 2804 341 2885 daemonique
362 2805 474 2867 (inerte
494 2811 629 2866 vanum
649 2824 713 2866 cnm
734 2804 828 2865 sociis
837 2803 950 2884 populi
962 2805 1104 2868 Romani
1116 2805 1178 2868 bei·

102 2892 171 2952 lanu
182 2908 299 2972 gerere.
344 2887 405 2951 Sed
415 2887 487 2972 jam
501 2890 583 2950 altra
596 2889 765 2970 superbiam
780 2890 1046 2971 midelitatemqne
1061 2899 1090 2952 et
1103 2910 1179 2954 ova·

102 2975 215 3037 riam
236 2971 299 3056 eius
319 2994 381 3035 non
403 2974 475 3054 pati
489 2993 580 3054 posse
600 2974 891 3055 Karthaginienses.
913 2976 1018 3035 missos
1039 2995 1111 3048 esse,
1126 2978 1180 3058 qni

102 3068 230 3124 orarent
243 3069 389 3133 renatam,
410 3067 446 3121 nt
464 3060 557 3121 triam
571 3059 676 3120 bomem
692 3077 792 3120 rernm
807 3078 898 3121 unam
916 3057 1001 3120 obse
1016 3059 1180 3137 impetrari

100 3147 258 3208 sinnent:
280 3153 315 3206 ut
327 3146 376 3206 oei
389 3166 427 3206 ee
440 3163 527 3225 :equo
547 3144 631 3224 apud
649 3143 757 3206 socium
774 3145 926 3224 populum,
942 3143 1018 3224 qnid
1038 3140 1180 3225 cujusque

103 3237 195 3304 esset,
211 3230 430 3312 disceptarent:
453 3229 502 3290 ael
509 3229 721 3309 permitterent
734 3227 1055 3310 Karthaginiensibus,
1071 3237 1106 3290 ut
1119 3229 1177 3291 ad·

35 3364 45 3390 .
103 3323 208 3379 vernn
231 3313 348 3396 injusta
373 3333 462 3376 arma
481 3315 538 3396 pio
550 3312 695 3397 justoque
710 3334 744 3375 se
768 3322 941 3374 testarentur
955 3312 1051 3374 bello:
1074 3315 1122 3376 nel
1135 3317 1179 3378 od

104 3409 280 3475 erasmum,
295 3399 322 3462 si
335 3401 445 3484 gratio
456 3399 536 3479 pius,
548 3419 638 3480 quam
651 3400 773 3473 ueritas,
786 3399 870 3478 apmd
883 3417 933 3459 eos
946 3400 1070 3474 aalma,
1085 3400 1179 3468 semel
1197 3429 1199 3432 ·

103 3492 286 3560 statuerent,
299 3486 375 3568 qnid
387 3486 527 3546 donatam
543 3506 581 3545 ea
594 3483 694 3546 abeno
704 3483 883 3547 Masinissae
896 3484 1016 3546 alant.
1050 3483 1177 3547 Modes-

102 3570 263 3634 tisoecette
276 3572 402 3632 daturos
423 3590 480 3644 eos,
504 3578 534 3631 et
554 3569 689 3643 smirnos,
706 3570 782 3650 quid
802 3568 970 3630 dedissent:
992 3569 1087 3650 ipsum
1109 3570 1176 3633 mii·

103 3657 178 3730 ban,
184 3664 394 3739 preterquam
407 3674 472 3717 me
484 3653 621 3717 libidinis
634 3653 879 3736 arbitriafinem
887 3653 1058 3736 facturam.
1103 3656 1176 3719 Ho-

514 3755 769 3816 remaneam.

138 3840 294 3901 'il'Iagenti
319 3855 371 3888 :um
398 3837 498 3901 teatin]
533 3838 627 3899 Magna
657 3839 699 3884 siis
716 3852 799 3898 agens,
818 3840 922 3898 suprsl.
940 3838 996 3886 xl..
1016 3854 1037 3887 c.
1056 3840 1094 3887 lt.
1114 3837 1174 3884 etl.

103 3906 200 3953 insidis
222 3911 344 3960 namtas,
366 3905 457 3950 mirum
477 3904 504 3948 in
523 3904 626 3951 modum
658 3902 815 3948 xxxlnc.
827 3903 866 3950 62.

103 3968 332 4015 omnibusinvisus.
691 3966 794 4013 wem
805 3966 865 4011 nibil
875 3968 943 4024 pensi
954 3968 996 4028 sit]
1019 3967 1068 4019 Qui
1083 3975 1176 4024 proar-

136 4033 170 4080 ⁷2
189 4030 237 4086 Qui
254 4033 279 4076 in
295 4046 320 4077 re
331 4029 454 4093 prasenti]
476 4026 573 4092 Adjecit
584 4029 625 4098 ο81-
657 4030 729 4076 bitrio
750 4044 778 4076 ac
802 4031 901 4075 lsssidine
923 4031 1005 4074 omnia
1027 4033 1095 4086 agat,
1115 4017 1176 4072 sind

102 4097 194 4157 ⁸⁰³¹&
210 4095 355 4156 ΜΕΝ
370 4095 405 4150 bt,
421 4108 477 4154 quoe
492 4093 625 4140 nenenarla
657 4090 804 4154 amadeus,
820 4093 910 4140 nuliius
926 4099 969 4138 aut
986 4091 1046 4148 legis
1057 4093 1100 4131 aut
1112 4084 1177 4156 gum

103 4167 165 4206 erut.
210 4159 273 4205 Haec
293 4165 331 4205 est
346 4159 413 4205 enim
431 4158 500 4217 quasi
521 4157 626 4206 solennis
657 4159 776 4205 rationem
793 4160 891 4203 habeus.
926 4155 1003 4211 Supra
1019 4149 1119 4199 xxvi.
1137 4152 1176 4200 15.

105 4223 627 4283 quadamloquendifonnaquauaisquo-
660 4221 730 4278 Quen
748 4234 819 4281 aeque
836 4217 892 4277 qaid
902 4217 1020 4278 swod,
1034 4227 1104 4277 uque
1120 4217 1176 4280 qnid

104 4285 627 4347 qoemunmmaeuuipsumurun.
658 4285 768 4340 dnum,
790 4280 914 4342 mnenon
934 4291 1036 4345 saman
1049 4283 1117 4343 penit
1129 4281 1178 4346 ss·

103 4349 220 4397 ciuium
230 4355 257 4396 et
266 4349 476 4412 Carthaginiense
491 4356 628 4449 manaver-
658 4349 719 4470 taz.
731 4416 753 4474 3
1170 4353 1172 4358 ·
