2942 4750
315 216 354 274 9!
698 208 805 271 ut'rt
833 206 961 270 mvn

154 397 289 449 uuest.
315 375 480 441 inventum
502 383 559 440 est.
614 372 759 456 Bipalme
780 372 935 455 spiculum
964 371 1070 437 hastili
1098 372 1305 438 semicubitali
1327 376 1378 439 iu·

152 466 184 512 ὼ
195 466 222 515 ὓ
235 465 289 515 1⁷¹·
314 461 417 527 fixum
431 473 508 540 erat,
523 457 732 524 crassitudine
746 458 854 546 digiti:
869 458 944 522 huic
959 458 1000 522 ad
1015 458 1169 522 libramen
1180 460 1289 541 pinnae
1301 473 1378 540 tres,

315 549 402 614 velut
415 546 536 633 sagittis
551 545 661 620 solent,
677 543 974 608 circumdabantur:
997 543 1094 611 fanda
1115 542 1220 608 media
1240 545 1306 609 dno
1324 544 1376 609 fu·
1436 580 1448 605 ι

314 634 400 698 nslia
428 629 551 716 inparia
578 627 726 694 habebat.
757 650 831 692 cum
858 631 969 714 majori
997 629 1068 693 sinu
1091 628 1242 693 libratum
1267 629 1377 694 fondi-

315 731 365 783 tor
379 716 503 780 habena
516 725 644 791 rotaret,
660 735 837 792 excussum,
847 718 932 779 velut
968 713 1046 792 lans,
1061 714 1225 779 emicabat.
1262 715 1378 791 Quum

315 819 347 867 et
381 802 453 877 hoc,
496 814 528 863 et
563 799 628 881 alio
656 801 744 863 omni
780 821 895 884 genere
924 738 1070 878 telorum,
1103 822 1178 885 pars
1213 800 1378 866 vulnerata

315 886 451 951 militum
490 897 582 967 esset,
610 906 670 950 nec
706 885 799 949 facile
832 888 900 971 jam
940 906 1030 949 arma
1064 884 1137 949 fessi
1173 886 1375 963 sustinerent,

315 975 433 1037 instare
452 993 522 1051 rex,
542 983 579 1035 ut
600 970 752 1035 dederent
775 994 819 1047 se,
842 971 937 1035 fidem
959 971 1044 1047 dare,
1062 972 1197 1054 praemia
1214 971 1377 1035 interdum

314 1057 472 1143 polliceri:
494 1078 554 1120 nec
572 1058 757 1142 cujusquam
772 1056 813 1119 ad
826 1056 1021 1120 deditionem
1035 1056 1219 1121 flectebatur
1233 1057 1379 1131 animus3

313 1164 414 1229 quum
428 1164 471 1207 ex
486 1142 646 1226 insperato
663 1143 730 1226 jam
746 1141 911 1206 obstinatis
926 1135 1009 1205 inuri
1023 1163 1093 1226 spes
1107 1141 1245 1206 adfulsit.
1291 1142 1377 1205 Nam

314 1250 414 1315 quum
429 1251 467 1293 err
480 1226 768 1292 frumentatoribus·
778 1227 968 1314 refugientes
981 1227 1110 1312 quidam
1124 1228 1158 1290 iu
1170 1239 1272 1292 castra
1295 1247 1377 1291 nun·

314 1314 450 1378 classent
470 1314 603 1392 consuli,
624 1311 841 1378 circumsideri
866 1311 1068 1396 praesidium3
1102 1325 1206 1377 motus
1234 1312 1378 1396 periculo

314 1411 364 1464 tot
376 1401 491 1464 civium
509 1408 595 1480 (nam
614 1398 789 1486 octingenti
801 1397 910 1474 ferme,
927 1412 959 1461 et
980 1418 1089 1461 omnes
1113 1399 1250 1463 Romani
1271 1399 1376 1477 erant)

315 1506 387 1550 cum
410 1485 551 1570 equitatu
573 1505 611 1548 ac
632 1484 693 1549 levi
714 1498 874 1549 armatura
909 1487 1116 1564 (accesserant
1145 1505 1227 1547 nova
1248 1482 1374 1559 auxilia,

315 1568 466 1635 Numidae
480 1569 601 1652 pedites
616 1570 799 1655 equitesque
821 1587 852 1634 et
873 1568 1044 1653 elephanti)
1068 1569 1178 1633 castris
1193 1568 1374 1654 egreditur:

314 1668 347 1720 et
360 1654 497 1720 tribunis
518 1653 654 1716 militum
678 1655 823 1738 imperat,
839 1667 876 1719 ut
901 1656 1063 1742 legionum
1081 1655 1171 1741 signu
1192 1665 1378 1740 sequantur.
1417 1684 1423 1695 ·

317 1742 403 1827 lpse,
418 1738 565 1806 velitibus
578 1738 619 1803 ad
633 1738 793 1804 firmanda
808 1740 924 1803 levium
947 1762 1109 1805 armorum
1132 1738 1255 1804 auxilia
1275 1738 1381 1823 adjec-

315 1827 423 1909 tis‚nd
438 1824 596 1892 tumulum
616 1824 777 1907 praecedit.
798 1825 935 1888 consulis
956 1825 1056 1888 latera
1077 1838 1190 1912 tegunt
1205 1824 1376 1901 Eumenes,

314 1913 450 1990 Attalus,
466 1926 498 1977 et
513 1910 707 1996 Misagenes,
723 1909 850 1995 regulus
867 1910 1089 1973 Numidarum.

359 1996 487 2059 LXVI.
511 1995 622 2072 Quom
636 1993 670 2057 in
685 2005 856 2077 conspectu
874 1995 977 2078 prima
992 1994 1080 2079 signa
1095 2016 1224 2058 suorum
1239 1997 1378 2059 circum·

315 2081 408 2144 sessis
420 2078 560 2157 fuerunt,
580 2079 731 2143 Romanis
746 2078 873 2164 quidem
897 2078 938 2142 ab
961 2079 1070 2142 ultima
1088 2080 1316 2162 desperatione»
1328 2102 1379 2144 re-

309 2176 440 2229 creatus
454 2177 501 2229 est
514 2165 658 2228 animus:
683 2163 827 2240 Perseus,
838 2165 888 2227 oui
899 2164 1037 2247 primum
1048 2163 1190 2227 omnium
1202 2164 1318 2242 fuerat,
1329 2178 1375 2244 ut,

315 2260 484 2315 contentus
505 2248 635 2315 fortuito
658 2271 812 2326 successu,
834 2250 932 2335 captis
955 2249 1077 2333 aliquot
1098 2249 1380 2319 frumentatoribus

314 2337 497 2424 occisisque,
513 2358 577 2401 non
593 2347 708 2401 tereret
722 2348 847 2419 tempus
863 2336 896 2399 in
911 2335 1075 2401 obsidione
1088 2333 1243 2419 proesidii3
1267 2357 1378 2401 secun·

308 2425 403 2502 dum,
418 2446 457 2488 ea
470 2445 597 2510 quoque
611 2434 730 2487 tentata
747 2434 926 2507 utcumque,
938 2443 1036 2508 quum
1053 2422 1147 2485 sciret
1160 2420 1241 2484 nihil
1255 2422 1378 2486 roboris

309 2532 420 2591 secum
433 2532 508 2587 esse,
519 2511 595 2574 dum
607 2508 718 2572 liceret
728 2509 856 2584 intacto,
872 2508 976 2583 abire3
993 2519 1025 2570 et
1035 2507 1102 2591 ipse
1111 2507 1247 2570 hostium
1260 2506 1378 2571 adven·

314 2608 394 2672 tum,
410 2598 511 2658 elatus
526 2615 680 2667 successu,
697 2594 822 2670 mansit,
837 2606 878 2664 et,
894 2594 948 2676 qui
963 2592 1153 2677 phalangem
1172 2604 1374 2672 arcesserent,

308 2698 450 2762 propere
466 2677 559 2738 misit.
581 2695 644 2757 qua
668 2687 700 2734 et
724 2674 833 2748 serius,
850 2696 944 2758 quam
971 2697 1021 2738 res
1043 2677 1231 2759 postulabat,
1247 2691 1278 2740 et
1302 2698 1377 2761 mp-
1427 2683 1436 2704 ⁸

315 2762 373 2826 tim
395 2769 477 2835 acta,
499 2758 619 2821 turbati
639 2777 735 2819 cursu
761 2756 908 2823 adversus
938 2761 1106 2824 instructos
1128 2775 1160 2826 et
1180 2775 1376 2847 praeparatos

314 2893 477 2957 bnpmtebatar.
521 2894 582 2940 Tum
599 2894 712 2954 &lturla
730 2894 827 2940 eircum-
860 2897 945 2943 Fando
968 2898 1041 2944 medio
1064 2907 1100 2945 eet
1124 2902 1204 2960 ipsum
1222 2893 1306 2946 fundae
1324 2913 1379 2947 me-

314 2962 402 3007 mtm
430 2959 497 3007 ando
512 2959 606 3003 lotentls
618 2956 828 3018 finolibmnm
859 2962 944 3014 diuma
962 2963 1036 3009 latius
1055 2963 1125 3017 illud.
1143 2966 1184 3009 cui
1206 2966 1281 3010 telum
1301 2966 1377 3011 sedet.

314 3024 359 3072 lat.
503 3034 556 3070 cm
580 3020 679 3068 mma
704 3022 829 3069 solverem
861 3024 963 3072 Funalia
973 3028 1022 3072 duo
1032 3028 1135 3086 impunis
1145 3029 1295 3073 videnturex
1305 3026 1379 3089 Poly.

314 3088 482 3142 tranum,
498 3082 602 3133 excidens
619 3089 708 3131 amento
718 3099 768 3139 rao,
785 3087 830 3132 uel·
862 3090 902 3135 bio
929 3089 1093 3151 intelligenda,
1117 3104 1165 3136 non
1190 3093 1239 3137 duo
1260 3105 1291 3137 ex
1313 3099 1379 3142 utra-

314 3157 342 3198 .ae
360 3152 430 3211 glans
453 3163 466 3195 e
520 3146 574 3202 oda,
610 3147 722 3202 arctatur,
739 3153 761 3194 et
777 3164 830 3194 cant
862 3166 909 3212 que
930 3161 1013 3212 portet
1040 3155 1081 3200 sed
1100 3154 1222 3215 utrimque
1238 3168 1325 3210 unum,
1342 3156 1379 3202 al·

314 3215 402 3273 tapeta
427 3211 452 3256 la
530 3241 538 3266 ,
559 3225 589 3271 qn
695 3212 831 3258 locavisset
862 3221 941 3262 terum
957 3218 1060 3264 brevius.
1094 3219 1123 3263 In
1134 3219 1197 3264 hanc
1208 3221 1316 3264 mentem
1333 3232 1378 3265 uos

309 3276 380 3332 ualde
397 3273 498 3321 loedolm.
531 3276 571 3324 Ad
588 3275 624 3322 rel
642 3275 717 3324 totius
739 3277 830 3334 plenia·
861 3281 953 3327 ducunt
968 3282 1021 3328 hec
1033 3281 1126 3341 Polybii
1138 3284 1225 3329 verbu
1242 3295 1312 3341 quarn
1322 3283 1379 3330 atte-
1459 3306 1461 3316 >

314 3352 367 3387 tem
389 3339 572 3399 expositionem,
590 3339 669 3385 multa
686 3340 753 3388 addit
772 3339 829 3399 Lip·
861 3357 933 3390 rame
948 3343 1071 3404 funalibus
1088 3345 1212 3392 adteretur
1231 3347 1256 3390 ln
1274 3346 1376 3392 mub-

315 3403 382 3450 slusa
400 3415 430 3448 ex
450 3403 538 3464 qulbus
556 3415 633 3463 pauca
652 3403 827 3458 mutuabimur,
861 3420 903 3452 ne:
920 3422 976 3467 quae
987 3408 1101 3453 videntur
1114 3408 1228 3462 indicare,
1240 3409 1288 3454 duo
1300 3409 1378 3456 omni·

314 3465 426 3526 plurimis
447 3467 549 3514 ominis.
586 3467 628 3511 Ait
645 3464 730 3512 Livius
747 3470 829 3512 cestro·
861 3471 1092 3524 notuissetumtta,
1104 3485 1208 3533 quorum
1217 3473 1320 3517 alterum
1332 3474 1380 3519 sol.

313 3528 455 3640 {dudem
473 3531 519 3578 hoc
536 3531 614 3576 telum
630 3529 740 3578 dicmm
756 3537 829 3576 recte.
861 3541 967 3587 venetum,
988 3535 1064 3581 altero
1081 3542 1181 3582 retento.
1221 3535 1270 3583 Cur
1292 3543 1376 3584 autem

338 3593 369 3638 tsi
380 3594 405 3639 in
417 3593 491 3640 Suida
500 3607 614 3654 parsum
624 3593 689 3639 vocis
700 3594 772 3639 modo
782 3601 828 3649 est,
862 3611 939 3643 unum
955 3599 1051 3644 brevius
1068 3598 1141 3645 luerit
1157 3600 1241 3652 altero,
1253 3612 1302 3644 nou
1320 3601 1380 3650 sads

313 3659 407 3703 erasm
445 3658 523 3716 Atqui
541 3657 647 3703 solitaria
665 3669 694 3701 ea
710 3658 830 3703 duntaxat
861 3661 1014 3720 perspicuum
1031 3662 1099 3707 uobis
1110 3670 1163 3709 est:
1186 3661 1233 3708 nisi
1243 3663 1378 3710 forteillud
1408 3687 1412 3694 ·

314 3719 447 3766 meelate
457 3726 483 3765 et
493 3721 565 3767 breve
572 3720 649 3766 telum
657 3725 732 3766 notat.
757 3721 829 3766 Com-
861 3726 926 3783 quod
941 3738 1065 3771 renranere
1083 3727 1184 3772 debebat
1194 3727 1220 3771 in
1231 3739 1306 3772 manu
1320 3726 1379 3772 fun·

314 3783 401 3846 positio
412 3783 514 3831 Liviana
528 3784 634 3830 mixtum
650 3783 695 3830 hoc
710 3781 829 3843 complec-
860 3788 953 3842 diteris,
973 3790 1028 3835 ideo
1046 3789 1141 3849 lougius
1160 3796 1220 3846 erat,
1239 3791 1377 3837 attentius

315 3847 384 3903 titur,
400 3854 426 3894 et
442 3847 513 3894 telam
527 3859 541 3892 c
551 3845 631 3908 suada
649 3848 752 3893 mltum.
785 3848 829 3893 Bl-
860 3853 937 3906 teneri
948 3859 1035 3910 possm.
1067 3851 1378 3914 Majorestaainterpren·

309 3911 389 3973 palate
415 3910 537 3971 apiculam
559 3909 585 3956 ld
606 3917 651 3964 eat,
674 3911 826 3969 semipedale.
860 3921 900 3960 tur
923 3915 1029 3975 Lipsius,
1056 3912 1147 3977 majore
1173 3917 1377 3977 quamanimae

315 3974 494 4022 SediuGraeco
506 3975 553 4031 boc
569 3972 705 4020 distinctius
721 3975 826 4028 additur.
859 3978 942 4028 funde
963 3980 1050 4028 habere
1071 3982 1156 4026 solem.
1189 3980 1315 4028 Postremo
1332 3994 1379 4027 uo·

314 4037 395 4098 ipsum
405 4048 547 4085 mucronem
562 4035 637 4096 palmi
647 4035 735 4082 fuisse:
753 4039 826 4084 aulis·
859 4044 961 4089 tandum
978 4051 1014 4089 est
1031 4043 1056 4090 id
1070 4045 1135 4103 quod
1149 4057 1165 4088 a
1176 4042 1276 4105 Polybio
1286 4043 1376 4091 diserte

313 4113 380 4157 eum,
391 4099 733 4159 sivetubulum‚ltempalml.
762 4099 826 4147 Has-
858 4119 998 4165 expressum
1009 4105 1094 4153 Livius
1113 4107 1203 4161 omisit,
1221 4109 1251 4154 de
1267 4114 1376 4163 amento,

314 4163 354 4209 aa
370 4165 536 4213 mattae.-
558 4162 658 4225 Polybio
673 4162 824 4222 κιθαρῶν.
856 4182 905 4227 quo
925 4171 1001 4216 telum
1020 4171 1111 4216 utiliter
1127 4171 1274 4232 litigabam,
1290 4183 1322 4216 as
1335 4184 1376 4218 ca·

314 4223 512 4282 Spithcmaenlm
522 4233 560 4276 est
570 4227 731 4287 dimidiapars
740 4229 824 4285 cubiti,
856 4233 924 4279 deret
939 4233 966 4279 in
981 4239 1071 4289 rotatu,
1088 4239 1141 4280 tum
1158 4242 1187 4281 ut
1205 4235 1376 4284 vehementius

312 4286 500 4349 dodranspedta
533 4292 663 4339 Adduntur
673 4292 823 4351 piunetres,
856 4296 1013 4348 mitterettu·
1144 4326 1146 4329 ·
1182 4293 1184 4296 ’

311 4361 372 4410 quw
387 4351 489 4402 (incuss
514 4362 598 4402 monet
618 4369 633 4401 e
654 4356 720 4418 liguo
741 4355 823 4408 fuisse·
