2942 4750
264 173 325 226 aaa
566 189 571 194 -
652 151 924 226 r1r1utv11

108 340 172 404 use.
185 339 238 384 585.
266 329 428 411 regionam,
451 328 504 390 abi
526 329 657 390 currilia
665 331 789 411 firmo,
812 330 917 408 primae
944 328 1081 411 regionis
1106 328 1325 410 Amphipolim,

107 403 174 448 Μ·
187 403 239 449 ¹⁶⁷·
267 416 401 475 secuudae
429 414 664 488 Thessalonicen,
689 415 790 475 tertice
811 414 946 510 Pellam,
972 422 1089 510 quartae
1116 414 1326 496 Pelagoniam

259 495 348 575 fecit.
392 499 442 560 Eo
463 498 587 558 coucilia
609 499 695 560 “sura
715 496 854 579 crtjrtsqae
879 498 1011 579 regionis
1038 498 1142 570 rudici,
1164 500 1326 578 pecuniam

268 582 406 665 corporei,
423 582 468 643 ibi
485 582 681 662 magistratus
698 584 797 644 creari
806 582 913 663 jussit.
959 581 1180 643 pronunciavit
1195 580 1325 656 deinde,

268 667 388 747 “neque
405 665 591 740 connubium,
614 687 708 748 neque
729 667 931 729 commercium
953 687 1094 747 agoniam
1115 667 1326 748 ‹edificias-ron·

269 773 325 833 que
340 753 421 813 inter
431 773 461 812 se
471 753 592 830 placere
600 751 734 832 cuiquam
745 761 831 811 estro
833 752 920 831 fines
929 751 1063 831 regionis
1073 771 1135 811 sure
1148 772 1217 813 esse.
1251 751 1328 812 Me-

272 837 349 898 talla
370 856 484 917 quoque
504 837 575 895 auri
595 845 686 915 atque
706 837 830 916 argenti
851 857 908 895 nort
930 836 1084 895 exerceri:
1103 832 1189 913 ferri
1210 844 1239 896 et
1253 837 1339 900 aeris

266 921 412 999 permitti.
443 918 573 999 vectigal
603 919 821 981 exercentibus
850 918 1014 980 dimidium
1045 920 1110 1002 ejus
1140 919 1326 1001 inpositum,

270 1004 355 1087 quod
369 1003 588 1090 pependissent
605 1004 682 1084 regi.
727 1003 770 1066 Et
791 1002 853 1064 saie
874 1002 998 1065 invecto
1022 1003 1066 1065 uti
1088 1004 1196 1066 vetuit.
1238 1004 1326 1066 Dar·

270 1089 359 1170 danis
375 1087 584 1171 repetentibus
609 1088 781 1163 Paeoniam,
804 1086 889 1171 quod
912 1102 944 1149 et
966 1110 1021 1149 sua
1043 1086 1160 1162 suisset,
1176 1101 1207 1150 et
1221 1087 1327 1150 conti-

271 1194 348 1236 nens
362 1186 442 1235 esset
455 1172 570 1234 finibus
585 1173 657 1246 suis,
674 1174 807 1235 ominibus
822 1175 895 1234 dare
913 1174 1078 1235 libertatem
1092 1172 1326 1254 pronunciavit,

271 1259 323 1341 qai
332 1259 384 1319 sub
395 1279 489 1341 regno
502 1257 751 1339 Persersaissent.
787 1257 862 1319 Post
871 1278 933 1319 non
945 1257 1139 1339 impetratam
1153 1257 1324 1333 Paeoniam,

269 1342 370 1404 ⁴⁷salis
398 1345 621 1404 commercium
651 1342 757 1404 dedit:
801 1341 902 1403 tertias
933 1342 1051 1426 regioni
1082 1342 1255 1424 imperavit,
1284 1351 1334 1415 ut,

272 1426 386 1490 Stobos
403 1427 541 1489 Paeonias
563 1427 764 1506 deveherent,
787 1427 985 1509 pretiumque
1007 1427 1125 1488 statuit.
1172 1425 1325 1490 Natalem

196 1533 199 1538 ·
271 1512 430 1575 materiam
447 1525 478 1573 et
492 1512 575 1593 ipsos
589 1511 720 1586 caedere,
735 1525 767 1574 et
781 1512 858 1574 alios
878 1514 943 1593 pati
965 1510 1073 1573 vetuit.
1118 1511 1326 1592 Regionibus,

271 1618 344 1681 quae
365 1596 484 1659 adfines
506 1594 647 1657 barbaris
668 1608 779 1673 essent,
804 1603 948 1678 (excepta
969 1609 1073 1658 autem
1093 1596 1194 1671 tertia,
1215 1617 1328 1658 ornnes

271 1682 373 1761 eraut)
389 1679 538 1764 permisit,
555 1693 588 1741 ut
603 1682 750 1761 praesidia
771 1694 891 1758 armata
911 1681 946 1743 in
967 1679 1082 1742 finibus
1104 1682 1252 1744 extremis
1266 1677 1326 1744 ha-

271 1766 390 1838 beraut.

314 1851 427 1915 XXX.
460 1853 552 1932 Hac,
579 1854 787 1933 pronunciata
817 1853 920 1933 primo
948 1852 1000 1916 die
1028 1865 1209 1929 conventus,
1238 1856 1326 1919 varie

271 1935 453 1998 adfecerunt
467 1942 596 1999 animos.
643 1936 788 1999 Libertas
802 1950 917 2018 praeter
939 1958 1025 2019 spem
1042 1937 1113 1999 data
1128 1938 1260 2016 adrexit,
1277 1946 1329 2003 et'¹

270 2018 407 2098 leuatum
432 2042 570 2083 annuum
598 2021 737 2107 vectigal.
784 2021 985 2105 Regionatim
1011 2023 1206 2085 commerciis
1228 2023 1334 2088 inter·

271 2106 372 2186 ruptis
387 2107 457 2167 ⁴'ita
471 2104 569 2167 videri
591 2105 733 2182 lacerata,
758 2118 919 2189 tamquam
941 2106 1087 2169 animalia
1108 2107 1140 2169 in
1162 2118 1260 2185 artus,
1281 2112 1330 2173 al-

273 2203 373 2254 terum
388 2190 514 2254 alterius
530 2190 715 2274 indigentes,
738 2189 906 2253 distracta:
930 2191 1016 2264 adeo,
1034 2204 1150 2275 quanta
1173 2192 1329 2256 Macedo-

272 2273 326 2337 nia
341 2289 429 2353 esset,
447 2297 542 2359 quam
557 2275 696 2338 ⁴⁹dirisui
716 2275 824 2352 facilis,
841 2277 897 2337 ⁵⁰et
911 2299 930 2338 a
951 2297 982 2337 se
1004 2276 1074 2358 ipsa
1095 2299 1230 2425 (praeque
1249 2299 1328 2343 cou-

112 2369 196 2416 Partes
210 2370 369 2441 tta-temta
397 2384 470 2446 pars
499 2373 588 2437 esset,
620 2360 811 2425 Macedones
840 2383 966 2446 quoque
995 2362 1105 2447 ignora
1128 2375 1191 2425 aut.
1247 2362 1328 2429 Pars

110 2435 217 2481 cadonioe

111 2504 220 2554 quatuor.

272 2447 375 2529 prima
406 2446 541 2511 Bisaltas
568 2446 672 2521 habet,
698 2447 882 2510 fortissimos
909 2447 1004 2521 viros,
1038 2450 1162 2527 (⁵¹trans
1188 2447 1327 2514 Nessum

272 2536 395 2594 amnem
423 2532 566 2596 incolunt
589 2544 620 2593 et
645 2533 730 2594 circa
755 2532 971 2614 Strymonem)
1000 2542 1032 2593 at
1060 2532 1172 2595 multas
1200 2532 1327 2619 irugttm

271 2618 488 2697 proprietates,
518 2629 550 2677 et
581 2616 714 2690 metalla,
746 2629 778 2679 et
806 2615 1073 2698 opportunitatem
1105 2616 1326 2701 Amphipolis:

271 2720 343 2780 quae
357 2699 480 2780 objecta
493 2698 613 2760 claudit
634 2720 741 2760 omnes
756 2698 796 2761 ab
818 2701 938 2762 oriente
961 2700 1026 2762 sola
1047 2702 1080 2762 in
1105 2699 1329 2766 Macedoniam

270 2783 384 2843 aditus.
431 2782 576 2843 Secunda
590 2803 662 2862 pars
678 2781 896 2846 celeberrimas
920 2784 1021 2861 urbes,
1038 2785 1283 2853 Thessalonicen
1296 2800 1330 2852 et
1393 2784 1400 2793 ’

272 2864 504 2955 Cassandriam,
519 2866 631 2940 habet3
655 2868 693 2928 ad
716 2865 777 2935 boc
801 2867 962 2945 Pallenen,
985 2870 1120 2932 fertilem
1142 2892 1179 2935 ac
1198 2870 1248 2934 iru
1273 2870 1330 2935 ‘fe-

270 2972 338 3033 ram
365 2965 499 3015 terram:
527 2950 696 3014 maritimas
723 2974 849 3037 quoque
867 2956 1117 3051 opportunitates
1138 2957 1167 3019 ei
1183 2976 1251 3040 proe
1291 2968 1331 3023 nt

702 3089 714 3118 ⁸¹
724 3091 747 3133 et
756 3088 802 3136 del.
814 3089 887 3137 Gran.

299 3243 331 3289 45
353 3243 409 3288 Saoe
427 3244 533 3301 cujusque
558 3240 669 3302 regionis]
698 3239 781 3287 Potius
813 3244 912 3289 omnino
929 3244 1030 3298 lumroti,
1047 3255 1134 3303 nempe
1151 3245 1198 3304 ipsi
1216 3242 1331 3290 Macaria·

264 3301 318 3364 pria,
333 3306 412 3362 iuquit
430 3304 570 3349 Gronovius.
604 3305 657 3349 Vid.
678 3305 780 3363 supral.
814 3321 863 3352 nes

269 3364 316 3413 111.
327 3382 347 3412 c.
359 3367 398 3413 22.
410 3375 434 3411 et
444 3366 461 3410 l.
473 3366 558 3412 XXV.
570 3382 591 3412 c.
605 3368 641 3412 lt.
846 3370 877 3416 ts
893 3370 989 3416 Dttdrui
996 3368 1090 3431 stata]
1108 3368 1218 3417 Fortasse
1233 3370 1330 3431 scripsit

300 3428 331 3475 46
354 3429 437 3488 Neque
457 3430 600 3487 marimum,
628 3445 696 3489 aeque
722 3445 782 3476 eom·
815 3434 898 3481 Livius
909 3435 991 3481 diuisa.
1023 3433 1070 3478 Sed
1079 3435 1331 3483 tamentamridetur

267 3492 389 3553 merciam]
403 3492 459 3537 Jam
475 3494 533 3538 olim
549 3494 633 3539 similis
648 3495 687 3539 tex
703 3508 717 3538 a
733 3494 781 3539 Ro-
814 3498 861 3543 dici
880 3510 949 3555 posse
964 3497 1030 3555 regio
1048 3495 1133 3541 divisui
1144 3495 1234 3557 saedis,
1253 3511 1330 3558 quam

267 3555 346 3600 manis
356 3554 420 3601 dIcta
436 3556 528 3601 Latinis
539 3564 563 3602 et
576 3556 694 3611 Hernicis,
707 3557 780 3603 VIII.
813 3556 1051 3621 cttursaa'lttmmad
1066 3560 1251 3617 emmqmdum,
1268 3574 1330 3620 quo-
1412 3571 1417 3580 ’

269 3617 306 3665 Η.
320 3614 366 3666 IX.
378 3617 417 3664 ta
677 3668 681 3675 ,
813 3624 888 3668 modo
900 3624 994 3667 locutus
1005 3627 1042 3668 est
1057 3621 1148 3682 cicero,
1159 3623 1175 3667 l.
1189 3623 1221 3674 11.
1233 3625 1263 3670 de
1274 3622 1330 3670 Fin-

299 3680 331 3726 tr
353 3680 415 3727 Solis
440 3684 597 3728 commercium
623 3682 696 3745 dedit]
724 3683 782 3731 Per·
813 3700 833 3731 c.
845 3686 885 3733 20.
1139 3684 1141 3689 ’

267 3745 334 3790 misit
356 3736 475 3797 Dardanis
491 3748 565 3792 adem
587 3759 616 3792 ex
640 3747 782 3793 Macedonia
846 3750 877 3795 60
896 3749 930 3795 Et
950 3764 965 3794 a
983 3764 1006 3795 se
1027 3750 1076 3809 ipsa
1095 3763 1186 3809 qunque
1203 3754 1331 3810 mamma

267 3809 382 3855 mercari:
401 3822 473 3867 quem
482 3817 510 3854 ut
520 3810 613 3856 facilius
622 3810 728 3855 Dardani
740 3812 782 3873 hay
809 3812 879 3874 pars]
891 3812 1002 3859 Dubitari
1015 3828 1061 3858 non
1073 3821 1160 3873 potest,
1175 3813 1233 3870 quin
1245 3813 1331 3867 Livius

266 3871 321 3920 bere
333 3879 438 3937 possent,
449 3874 576 3931 imperavit
593 3875 669 3918 tertia
681 3874 780 3932 regioni,
814 3877 943 3935 scripserit,
963 3881 984 3921 et
1003 3891 1026 3922 rr
1044 3879 1094 3937 ipso
1114 3890 1205 3935 quaque
1226 3881 1332 3923 amenta

267 3934 308 3978 ubi
319 3936 435 3981 nimirum
451 3937 558 3983 maxima
574 3936 629 3981 salis
642 3937 710 3994 copia
721 3944 781 3989 erat,
809 3952 867 3996 pars
878 3944 950 3991 esset.-
967 3940 992 3985 id
1003 3946 1049 3993 cst,
1061 3953 1134 4000 quam
1146 3939 1191 3984 sibi
1202 3940 1254 3998 ipsa
1263 3953 1332 4000 quas·

266 4002 294 4039 ut
314 3999 399 4047 Stobos
414 3999 566 4048 deveherent.
586 4000 649 4056 quod
666 3998 781 4056 oppidum
815 4014 861 4059 que
872 4005 1062 4060 pansuffloeret
1124 4019 1126 4021 ¹

267 4059 331 4105 haud
342 4062 424 4119 procul
431 4064 513 4109 aberat
523 4076 539 4106 a
549 4062 717 4107 Dardanorum
728 4061 782 4105 liui-
846 4062 875 4110 51
899 4065 975 4112 Trans
992 4066 1095 4113 Nessum
1109 4080 1199 4112 amnem
1215 4064 1330 4126 insolam]

266 4120 329 4164 bus
815 4126 869 4173 Ima
880 4128 938 4173 citra
951 4128 1061 4185 Nessum,
1079 4132 1099 4175 si
1113 4131 1231 4188 reliquam
1248 4127 1332 4174 Mace·

298 4181 329 4227 ⁴8
343 4185 384 4229 Ita
400 4185 473 4231 videri
490 4186 680 4294 hemameihil
696 4192 733 4231 est
749 4187 781 4231 ad
811 4190 909 4237 doniam
924 4193 1044 4252 respicias,
1062 4200 1088 4239 at
1102 4193 1208 4241 Romam
1222 4205 1329 4257 quoque,

263 4245 331 4307 quoa
349 4246 431 4292 reas
447 4251 524 4306 possit
541 4248 567 4295 a
644 4253 689 4317 aa
714 4248 779 4311 Lege
811 4252 853 4299 un
863 4252 948 4305 Livia
959 4255 1082 4317 amaena
1257 4248 1261 4253 ’
