2942 4750
284 201 324 257 m
654 193 760 253 TITI
785 192 918 254 mvn

22 391 34 417 0
122 381 153 429 u.
162 344 263 425 ustus.
285 359 397 423 raaia
406 363 514 444 populi
526 358 671 433 amant,
687 377 726 418 ue
741 356 808 439 qais
821 377 961 440 umqrmm
974 376 1007 420 se
1018 366 1123 438 postea
1136 356 1247 420 dedere
1260 358 1358 421 aude-

121 441 192 492 Η·
205 440 259 488 ¹²³
284 454 342 521 ret,
361 449 495 528 pessimo
523 444 654 524 exemplo
682 443 820 505 uenisse:
850 452 881 505 et
904 445 1069 506 distractor
1090 443 1207 525 passim
1236 442 1358 525 “juratis

286 533 438 614 quondam
455 528 587 592 hostibus
596 528 708 609 populi
722 527 857 590 Roruam
864 529 990 608 pacatis
1002 530 1124 592 seruire.
1156 529 1241 601 Qrsas
1253 528 1291 590 ab
1304 548 1358 590 res

125 639 223 687 neum
229 635 272 702 ju·
281 617 407 699 plaeere
419 613 548 687 amaturi,
564 612 614 674 M.
629 612 801 693 Popillium
822 614 970 676 consulem
985 612 1125 696 Ligures,
1143 613 1243 692 pretio
1262 622 1356 675 emto-

124 705 219 752 matur.
286 703 370 766 ribus
389 698 518 774 reddito,
542 699 624 779 ipsos
640 698 797 760 restituere
819 699 853 760 ia
873 698 1059 768 libertatern,-
1090 698 1227 780 bonaque
1247 708 1281 760 ut
1301 699 1353 774 iis,

288 784 437 869 qssidquid
458 782 521 865 ejus
546 784 725 865 temperari
740 784 851 864 possit,
877 785 1048 846 reddantrer
1070 804 1189 846 auare.
1232 782 1356 847 “Arma

280 870 386 954 primo
395 889 511 951 quoque
525 867 743 951 temporefieri
756 869 791 930 iu
805 889 842 930 ea
852 877 953 951 geute.
980 870 1126 931 coasssleu
1141 870 1179 930 de
1189 869 1355 948 provincia

286 954 438 1029 decedere,
461 975 550 1037 quaem
578 955 697 1017 deditos
726 955 761 1015 in
782 954 880 1014 sedem
904 974 988 1037 suam
1010 953 1145 1039 Ligures
1165 955 1355 1017 restituisset.
1444 1024 1449 1035 ¹

290 1039 419 1103 Claram
442 1041 599 1103 siderium
619 1038 794 1101 ”uincendo
816 1039 1036 1121 obpugrraatea
1059 1059 1120 1102 uon
1143 1041 1294 1101 saemmdo
1320 1040 1356 1100 in

288 1126 333 1187 ad
356 1126 432 1187 ictos
481 1127 537 1187 eri.

126 1210 238 1260 ΟΜΝΗ·
319 1124 398 1273 JIIX.
429 1126 558 1289 'elman
579 1235 644 1298 qua
663 1210 782 1277 ferocia
802 1209 900 1276 animi
923 1232 998 1275 usus
1020 1223 1087 1276 erat
1109 1212 1143 1275 in
1168 1202 1355 1296 Liguribus,
1406 1216 1414 1235 “

128 1282 256 1385 {ffimm'
289 1296 434 1360 eamdem
448 1297 490 1362 ad
505 1320 571 1361 non
586 1298 763 1382 parendum
781 1300 902 1362 senatui
917 1297 1037 1362 babuit,
1083 1298 1275 1380 legionibus
1296 1315 1357 1358 ex·

289 1381 410 1465 templo
425 1383 513 1449 Pisas
526 1385 561 1448 in
575 1382 782 1448 hibernacula
804 1383 914 1458 missis,
929 1382 1027 1447 iratus
1050 1382 1208 1457 Patribus,
1225 1379 1357 1443 infestus

288 1471 310 1505 ²²
317 1469 459 1551 pretori,
490 1471 632 1535 Romam
651 1469 765 1534 rediit:
803 1480 976 1553 senatuque
999 1468 1158 1552 extemplo
1187 1465 1355 1530 adsedem

197 1566 201 1575 “
292 1553 435 1617 Bellonae
462 1567 584 1630 vocato,
611 1556 719 1619 multis
741 1555 844 1618 verbis
869 1556 1011 1619 invectus
1036 1568 1084 1618 est
1108 1556 1140 1616 in
1168 1563 1354 1636 praetorem:

1074 1770 1084 1799 9

291 1810 422 1875 multra
438 1771 725 1876 senatuicmuultreu
733 1810 875 1894 fecisset,
891 1832 950 1893 quo
971 1811 1126 1873 uiderim
1140 1830 1224 1872 aream
1239 1809 1283 1869 ad
1295 1807 1357 1868 Li·

286 1915 380 1976 gerres
399 1894 589 1977 transferret,
606 1897 735 1978 dedique
756 1898 797 1959 iis
812 1916 913 1979 prope
933 1897 1079 1958 consuens
1095 1904 1212 1976 prator
1223 1891 1357 1975 juberet.

289 1977 403 2059 Itaqrae
415 1984 540 2044 musam
554 1985 585 2044 ei
604 2003 636 2046 se
655 1982 772 2042 dicem:
794 2003 815 2041 a
832 1980 979 2043 Patribus
986 1981 1156 2060 postulare,
1173 1988 1206 2038 ut
1219 1985 1358 2039 senatus·

290 2063 459 2125 caremus
484 2068 518 2126 in
541 2086 574 2128 se
588 2068 711 2149 sactum
740 2065 807 2126 tolli
830 2063 998 2146 juberent:
1035 2065 1358 2143 supplicationemque,

291 2146 413 2229 ”quuut
428 2147 565 2212 absentes
577 2172 616 2212 ea
636 2151 744 2224 literr's,
761 2151 799 2211 de
812 2148 886 2210 berre
905 2158 995 2232 gesta
1015 2148 1167 2228 republica
1181 2147 1289 2220 missis,
1305 2147 1359 2207 de·

290 2252 414 2294 cauere
434 2233 601 2317 debuerint,
615 2243 776 2317 precautes
797 2234 920 2297 lmaoris
938 2235 1074 2297 Dounon
1089 2233 1223 2315 primum
1237 2248 1357 2306 calesso,

291 2316 402 2381 deinde
412 2323 502 2384 etmi
514 2321 620 2405 aliquo
635 2321 759 2384 taudem
779 2327 923 2402 respectu,
939 2311 1144 2382 docerueieut.
1189 2314 1301 2379 Nihilo
1311 2312 1358 2377 le-

291 2402 445 2481 nioribus,
462 2427 558 2490 quam
571 2409 696 2482 absens,
710 2415 892 2469 senatorum
908 2403 1030 2487 aliquot
1044 2401 1241 2466 orationibus
1255 2401 1357 2463 inore-

290 2487 387 2571 pilus,
403 2503 517 2555 neutra
531 2492 700 2575 impetrata
712 2512 759 2566 re,
775 2489 808 2550 in
824 2488 1019 2571 provinciam
1034 2487 1118 2550 redit
1126 2487 1144 2552 ¹.
1174 2486 1266 2550 Alter
1280 2505 1357 2548 con-

291 2573 339 2634 sul
357 2573 549 2648 Postumius,
564 2588 731 2637 consumta
752 2585 861 2635 oestate
875 2573 908 2634 in
924 2572 1186 2658 recognoscendis
1207 2572 1300 2657 agris,
1316 2591 1359 2633 ue

291 2655 359 2718 visa
378 2655 507 2737 quidem
523 2659 686 2738 provincia
700 2678 767 2731 sua,
783 2656 984 2719 comitiorum
1000 2679 1110 2721 caussa
1134 2658 1271 2721 Romam
1286 2651 1359 2718 red-
1442 2647 1451 2669 ⁰

292 2737 340 2808 iit.
369 2738 546 2802 ²‘eonsules
568 2740 606 2803 C.
623 2739 794 2823 Popillium
818 2738 994 2817 Laenatem,
1013 2743 1052 2807 P.
1069 2742 1192 2806 AElium
1207 2742 1359 2827 Ligurem

293 2823 420 2887 meavit.
477 2822 634 2888 Pratores
655 2823 795 2889 exinde⁸
815 2823 890 2888 facti
912 2827 948 2890 C.
973 2827 1116 2891 Licinius
1139 2828 1281 2903 Crassus,
1306 2824 1358 2891 M.

391 2981 467 3031 ebello
478 2993 527 3030 rem
537 2981 590 3029 lene
600 2983 673 3029 Gron.
686 2982 755 3029 Crer.
831 2973 843 3013 f
853 2981 921 3028 rediit
932 2983 1001 3032 Eud.
1077 2984 1181 3032 ‘deiude
1192 2985 1260 3032 aaa

300 3112 303 3117 ’
327 3130 360 3180 sa
374 3130 470 3180 aaa.
483 3158 490 3172 .
501 3159 508 3173 .
520 3126 631 3190 rasum]
648 3126 698 3182 our
713 3140 769 3173 vere
786 3134 811 3174 et
844 3129 878 3176 sc
897 3131 1030 3189 roquumur
1049 3131 1138 3177 aruns.
1171 3132 1219 3179 cre
1236 3133 1261 3178 a
1274 3131 1360 3188 arua,

294 3197 366 3268 plane
377 3195 458 3239 hostes
473 3191 584 3237 nements
607 3193 654 3246 rel,
665 3192 812 3251 quibuscum
844 3206 869 3237 n.
882 3193 921 3239 ll.
955 3195 999 3241 Vos
1010 3208 1063 3240 vero
1073 3199 1237 3255 etproereatera
1252 3209 1289 3242 use
1303 3207 1360 3241 curo

291 3263 389 3319 Jusbrm
399 3257 516 3315 piumque
526 3255 618 3301 bellarm
633 3262 811 3316 gestumesset.
844 3256 934 3312 kvatb,
955 3263 978 3304 et
1003 3259 1089 3305 munti
1112 3271 1198 3319 aragne
1217 3261 1298 3307 mla
1322 3259 1361 3305 de.
1459 3274 1464 3297 t

328 3319 360 3367 25
376 3318 452 3365 Ama
463 3319 544 3379 prima
559 3332 644 3379 quaque
659 3324 759 3380 tenpore
769 3319 814 3379 fle-
846 3320 920 3366 ulau.
1426 3341 1433 3358 s

295 3383 332 3446 ri]
358 3383 460 3428 Addidit
482 3381 594 3441 Sigonius
621 3396 704 3429 vocem
727 3384 814 3442 primo.
880 3382 911 3429 29
929 3383 1037 3432 cumules
1049 3385 1076 3432 C.
1086 3384 1215 3446 Popillium
1233 3386 1362 3440 Lanatum

300 3448 415 3494 ceterum
425 3447 479 3493 ideo
491 3440 562 3506 jubet
576 3452 673 3492 senatus
686 3459 755 3491 arma
766 3446 817 3492 ueri
848 3447 880 3493 P.
891 3447 983 3494 AEllum
993 3448 1107 3509 Ligurem
1123 3451 1220 3513 unilt]
1240 3452 1274 3497 Hi
1289 3452 1362 3497 ambo

297 3510 323 3557 in
334 3517 455 3570 eugenue,
466 3515 494 3555 ut
505 3511 624 3556 rescindru
634 3511 661 3556 id
671 3510 737 3569 quod
751 3509 814 3555 fece
847 3511 920 3571 primi
941 3512 972 3557 de
993 3513 1062 3571 plebe
1091 3515 1203 3559 consules
1230 3515 1304 3561 brine
1334 3515 1359 3559 iu

297 3579 336 3620 rat
346 3574 439 3628 consul,
448 3573 490 3633 qui
501 3586 569 3619 arma
577 3574 750 3620 Statiellatibus
760 3574 816 3619 ade·
848 3575 927 3620 Fastis
937 3574 1078 3634 Capitolinis
1100 3583 1230 3624 notantur:
1248 3585 1321 3637 atque
1336 3578 1361 3623 id

297 3644 384 3691 meret,
396 3650 424 3684 ac
436 3650 498 3683 nova
514 3637 624 3683 iabrlaari
637 3638 720 3696 procul
739 3637 813 3682 dubio
844 3638 947 3683 miratur
969 3652 983 3684 a
1006 3639 1076 3684 Livio
1096 3642 1287 3698 pretermissum
1309 3655 1361 3687 esse

296 3707 414 3747 vetuerat.
845 3701 953 3760 Pigrius
990 3703 1037 3748 Sed
1048 3704 1183 3762 {siquidem
1201 3708 1273 3751 ambo
1288 3705 1360 3763 primi

328 3764 361 3811 26
382 3764 495 3812 Vincenda
504 3761 813 3827 olpruguaatessslectecle·
845 3767 875 3811 de
887 3765 956 3823 plebe
967 3767 1076 3813 consules
1093 3769 1264 3827 magistratum
1281 3781 1360 3828 gom-

296 3829 377 3875 rlcus:
395 3829 504 3875 uincendo
512 3832 651 3888 pugnantes.
845 3835 912 3882 rum,
924 3836 949 3873 at
961 3843 1009 3876 non
1021 3831 1094 3890 primi
1105 3834 1179 3877 creati
1190 3839 1255 3877 sunt.
1289 3835 1361 3880 Anao

330 3892 362 3939 2⁷
378 3891 493 3955 Psalmi]
512 3890 648 3952 Legebatur
665 3892 811 3952 proewribuu.
844 3893 910 3937 enim
921 3901 1008 3952 quarto
1018 3897 1118 3941 secundi
1130 3895 1215 3942 Punici
1226 3897 1283 3942 belli
1295 3895 1361 3942 Mur·

296 3954 445 4002 Emendavit
457 3956 577 4016 Sigonius.
844 3956 919 4001 celius
934 3957 1076 4017 Sempronio
1087 3960 1196 4005 Graccho
1213 3961 1305 4019 college
1320 3960 1363 4005 de·

299 4027 302 4034 '
330 4020 362 4067 28
380 4019 457 4075 Quem
474 4018 584 4079 alternes]
605 4019 740 4064 Gronovius
758 4031 813 4063 mu·
845 4021 991 4067 tusiueruts
1009 4022 1360 4081 sedritiocrealusmegistra-

298 4087 352 4127 tata
369 4097 438 4142 quom
456 4083 542 4129 merati
557 4083 607 4127 sili.
641 4082 687 4127 Sed
698 4083 813 4128 debuerat
846 4089 900 4128 tum
910 4085 1037 4131 abdicavit.
1060 4090 1142 4146 Atque
1151 4088 1193 4131 illo
1200 4088 1253 4133 loco
1261 4087 1363 4146 dssigem

299 4156 358 4202 ergo
376 4147 494 4206 corrigere
511 4151 535 4191 et
555 4142 582 4191 el
596 4148 728 4204 proereutcs,
749 4146 814 4204 quod
846 4153 883 4192 ter
890 4149 1362 4209 annoutumaLivioesatumpn'mum

301 4207 422 4263 sequitur.
453 4210 516 4255 Sane
532 4214 583 4254 tam
600 4210 682 4253 aberat
693 4216 817 4256 senatusa
848 4210 909 4257 duos
915 4213 1285 4272 consulaplebeiosmctossssa
1304 4211 1362 4258 vid.

301 4266 411 4327 Popillio,
423 4284 497 4329 quam
506 4271 623 4332 Popillius
632 4274 663 4317 ab
673 4277 767 4318 senatu
784 4273 817 4320 Et
849 4275 948 4337 supral.
960 4275 1063 4324 xx111.
1074 4290 1096 4324 c.
1109 4276 1148 4323 31.
