2942 4750
213 322 216 327 4
259 248 297 301 sc
642 233 915 298 ‘r1r1n1vu

98 420 127 466 u.
139 420 166 465 c.
178 418 233 467 oso.
258 405 458 489 speculatores
470 403 577 468 &mre
589 422 660 476 erse,
678 402 795 464 Perre*¹
808 411 931 465 emere
944 401 1057 475 missor,
1066 407 1111 477 ut,
1126 398 1207 482 qnid.
1215 406 1332 482 agere.

96 482 232 533 ΝΜ·
260 502 319 568 tur,
345 494 463 556 emron.
507 485 610 569 Illyrii
634 487 734 549 vocati
757 486 790 549 in
816 497 972 549 senatum.
995 485 1051 569 qui
1074 504 1174 569 quum
1202 482 1326 565 legatos

260 599 294 640 se
308 598 376 641 esse
391 575 499 639 misms
512 572 554 635 ab
567 592 643 654 rege
659 571 804 635 dicerent
818 573 858 635 ad
874 573 1039 658 purganda
1059 569 1246 649 crimina,ri
1283 589 1327 631 uo

260 661 302 726 de
316 683 391 747 rege
406 659 542 721 Issenses
556 654 731 732 deferrent3
755 658 934 742 quaesitum,
951 654 1066 743 ecquid
1088 656 1133 718 ita
1154 675 1219 717 non
1284 653 1338 724 is·,

261 761 330 812 sent
353 742 582 828 magistratum,
610 755 645 805 ut
666 764 706 805 ex
730 743 876 806 instituto
896 742 975 818 loca,
1000 741 1108 822 lautia,
1122 735 1350 823 accipereuti'

262 832 395 894 sciretur
418 825 555 911 denique
580 827 701 891 venisse
725 850 792 908 eos,
817 840 850 891 et
875 849 1056 912 superque
1083 848 1118 889 re
1142 821 1338 891 venissentl.

262 911 491 981 Hoesitautibua
522 914 555 975 in
590 934 755 997 responso,
784 926 821 976 ut
848 914 938 976 curia
965 912 1165 988 excederent,
1196 910 1329 974 dictum.

263 1000 465 1080 Responsum
487 1009 648 1082 tamquam
675 999 795 1083 legatis,
818 1002 886 1061 ”ut
907 999 962 1083 qui
984 998 1074 1062 adire
1095 1008 1241 1062 senatum
1262 1016 1340 1059 non.

261 1082 482 1169 postulassent,
503 1082 574 1146 dari
595 1105 658 1146 non
679 1084 816 1166 placuit:
839 1084 1073 1168 mittendosque
1094 1083 1134 1149 ad
1156 1086 1264 1168 regem
1284 1080 1331 1143 le-

261 1184 353 1255 gatos
375 1179 575 1244 censuerunt,
602 1168 656 1253 qui
680 1168 880 1249 nunciarent,
901 1173 1005 1252 ''qui'‘
1032 1170 1108 1233 :ocii
1133 1174 1331 1252 pammenius·

262 1256 349 1336 opud
360 1264 506 1330 renatum,
522 1264 657 1318 erastum
672 1277 692 1317 u
705 1275 775 1337 rege
788 1276 906 1337 agerem.
928 1276 990 1316 non
1003 1276 1121 1338 aeqaum
1135 1276 1200 1317 eum
1212 1250 1339 1333 socero,

262 1339 475 1422 qniobrociis
487 1342 552 1404 ecci:
572 1361 633 1403 non
653 1337 879 1403 ohdirmetin'
916 1341 988 1402 iam.
1034 1342 1071 1402 ln
1094 1338 1177 1402 hanc
1199 1337 1332 1425 legatio-

251 1445 348 1504 nem,
363 1424 461 1502 missi,
478 1427 516 1487 A.
533 1424 703 1488 Terentius
716 1425 829 1501 Varro,
848 1362 915 1487 (im
904 1425 1084 1503 Plaetorius,
1101 1426 1139 1487 C.
1157 1422 1331 1487 Cicereius.

264 1509 318 1574 Ex
335 1510 421 1586 Asia,
438 1510 492 1593 qui
507 1510 592 1572 circa
607 1512 707 1574 socios
722 1532 813 1595 reges
828 1511 912 1572 missi
927 1524 1029 1585 erant,
1045 1510 1138 1593 legati
1155 1509 1329 1583 redierunt,

182 1608 187 1619 “
265 1597 321 1679 qui
339 1596 580 1669 renunciarent,
602 1597 795 1665 “Eumenem
825 1599 859 1658 in
888 1617 935 1673 eo,
960 1596 1141 1658 Anicetum
1166 1597 1198 1656 in
1225 1596 1330 1677 Syria,

265 1683 461 1745 Ptolcmcrum
476 1681 511 1741 in
524 1679 719 1741 Alecondria
739 1702 801 1743 sese
814 1682 988 1744 conperisse.
1035 1681 1144 1744 Omne:
1157 1682 1332 1743 sollicitatos

268 1767 466 1850 legationibus
479 1765 595 1839 Persei,
607 1766 661 1826 red
674 1766 795 1847 egregie
807 1767 840 1826 in
843 1765 913 1843 fide
920 1787 1112 1846 permonere,
1120 1766 1334 1848 pollicitosque

266 1855 380 1932 ornnio,
395 1871 463 1935 qnae
472 1851 605 1931 populor
617 1849 776 1911 Romam
791 1851 976 1930 imperasset,
986 1859 1193 1930 praectutmos.
1215 1859 1245 1912 et
1259 1850 1334 1912 ciri·

267 1945 347 1997 tates
360 1939 459 1998 cocior
472 1936 590 1998 odisse:
610 1942 725 1996 ceteros
737 1935 815 1996 sotis
820 1937 923 2014 fidon·
947 1937 1024 1998 solos
1038 1936 1174 1997 Rhodios
1177 1935 1336 2017 fluctison-

268 2028 315 2080 tes
328 2029 359 2080 et
371 2020 496 2082 inbuto:
508 2022 616 2083 Persei
626 2018 760 2082 consiliio
773 2019 928 2081 invenisse.
974 2017 1136 2079 Venerunt
1154 2018 1274 2081 Rhodii
1289 2017 1336 2081 le-

267 2102 336 2187 gati
350 2103 390 2165 ad
404 2100 572 2187 purganda
585 2126 633 2178 ea,
649 2124 723 2186 qure
738 2101 834 2187 vulgo
848 2103 963 2186 jactari
978 2101 1019 2164 de
1033 2102 1160 2165 civitate
1174 2103 1337 2167 sciebant:

268 2197 409 2252 ceterum
424 2197 570 2260 senatum
584 2188 623 2251 iis
636 2187 716 2265 dari,
733 2209 832 2272 quum
852 2188 927 2251 novi
949 2186 1093 2251 consules
1112 2186 1336 2269 magistratum

267 2272 410 2350 inissent,
426 2272 553 2356 placuit
1335 2312 1339 2322 ·

311 2360 451 2425 XXVll.
486 2358 569 2424 Belli
587 2360 786 2446 adparatum
809 2382 874 2425 non
896 2359 1106 2424 differendum
1132 2369 1337 2424 censuerunt.

271 2444 453 2510 &Licinio
473 2448 606 2530 praetori
627 2448 792 2533 negotium
814 2447 918 2522 datur,
943 2459 980 2509 ut
1001 2468 1040 2509 ex
1061 2443 1221 2509 veteribus
1242 2446 1336 2529 quinq

108 2543 245 2601 nemius
269 2531 481 2616 quei-omibus,
507 2531 542 2593 in
571 2533 736 2596 navalibus
768 2533 883 2594 Romae
908 2531 1080 2608 subductis,
1107 2552 1180 2616 quoe
1207 2541 1339 2614 possent

107 2604 240 2654 “pm
271 2618 344 2678 usui
357 2637 433 2688 ease,
446 2613 599 2689 reliceret,
611 2627 800 2699 pararetque
814 2637 908 2676 naves
924 2617 1164 2702 quinquaginta.
1209 2613 1337 2699 Siquid
1437 2669 1444 2688 ,

270 2698 313 2761 od
335 2718 407 2759 eum
422 2713 596 2758 numerum
619 2697 811 2778 explendum
827 2699 955 2780 deesset,
974 2700 1011 2764 C.
1028 2700 1186 2764 Memmio
1206 2698 1339 2784 collegas

270 2782 304 2844 in
330 2779 470 2844 Siciliam
494 2779 707 2858 scriberetur
730 2802 792 2852 eas,
809 2803 882 2864 quas
908 2785 940 2845 in
960 2785 1075 2856 ¹Sicilia
1100 2808 1195 2850 naves
1220 2797 1338 2862 essent,

270 2864 520 2950 reficeretatque
531 2863 704 2945 expediret,
721 2879 756 2927 ut
773 2865 979 2932 Brundisium
996 2872 1101 2953 primo
1115 2893 1243 2956 quoque
1257 2884 1338 2933 tem·

270 2971 351 3038 pore
365 2947 448 3011 mitti
463 2962 601 3030 possent.
647 2948 757 3036 Socios
777 2953 904 3015 navales
926 2953 1066 3018 libertini
1088 2956 1209 3019 ordinis
1231 2956 1264 3017 in
1290 2956 1340 3019 vi·

271 3035 353 3124 ginti
374 3049 406 3097 et
428 3033 569 3117 quinque
596 3049 691 3096 naves
720 3055 762 3098 ex
790 3035 912 3099 civibus
944 3039 1098 3103 Romanis
1128 3042 1166 3105 C.
1191 3039 1338 3105 Licinius

271 3116 664 3205 proetorscriberejnssua:
687 3119 721 3182 in
736 3120 875 3206 quinque
887 3135 918 3186 et
926 3125 1038 3212 viginti
1046 3147 1155 3210 parem
1167 3147 1340 3191 numerum

273 3205 335 3268 Cn.
352 3201 489 3278 Sicinius
512 3204 606 3265 sociis
629 3205 819 3286 imperaret:
842 3207 927 3271 idem
952 3225 1072 3294 praetor
1096 3213 1238 3291 peditum
1262 3226 1339 3276 octo

272 3284 645 3434 millia,·quadrinpentos
660 3292 781 3374 equites
796 3314 817 3354 a
831 3293 922 3357 sociis
938 3295 1047 3359 Latini
1068 3296 1209 3360 nominis
1230 3297 1341 3383 exige·
1429 3363 1437 3380 ,
1465 3296 1469 3320 ⁸

271 3385 331 3436 ret.
378 3370 477 3435 Hunc
491 3374 533 3434 mi
548 3373 623 3438 item
637 3375 692 3459 qui
710 3376 872 3439 Brundisii
887 3381 1051 3463 acciperet,
1068 3393 1163 3466 atque
1178 3384 1210 3444 in
1228 3381 1342 3446 Mace·

272 3457 402 3521 doniam
417 3455 564 3536 mitteret,
581 3459 751 3523 nuntius
768 3463 933 3541 Serranus,
951 3465 1006 3549 qui
1025 3467 1133 3549 priore
1154 3488 1240 3530 anno
1255 3483 1341 3550 pras*

272 3555 324 3606 tor
344 3540 457 3618 fueret,
473 3543 639 3629 deligitur:
663 3544 756 3609 ⁸³Cu.
774 3548 912 3612 Sicinius
932 3561 1052 3630 praetor
1071 3552 1147 3635 quis
1162 3555 1341 3618 exercitum

272 3639 419 3718 paratam
443 3626 484 3690 ad
510 3629 728 3715 trajiciendum
755 3630 896 3711 haberet,
923 3635 962 3697 C.
979 3635 1118 3720 Popillio
1143 3638 1267 3701 consuli
1296 3661 1340 3704 ex

467 3745 652 3797 ”Pcrrcocrem
749 3752 903 3811 ‘praedm
1002 3757 1141 3816 rpuossad

304 3868 337 3918 s:
356 3868 390 3916 Ut
399 3869 438 3927 qui
448 3868 514 3916 odire
523 3865 638 3929 emotum]
659 3869 790 3917 Mellemus
822 3886 887 3931 onor,
903 3888 974 3933 quan:
988 3888 1059 3922 essem
1074 3878 1100 3922 tn
1118 3878 1232 3934 emeno,
1244 3882 1345 3930 cenom

273 3933 305 3982 51,
315 3933 363 3992 qui,
588 3935 593 3940 ’
823 3937 1073 3990 sarracenorumve
1085 3955 1231 4001 coquerem.

304 3996 337 4042 88
354 3993 420 4050 Quod
430 3994 654 4056 redimerentur]
672 3993 790 4041 llicbene
854 3999 887 4044 84
902 4001 1029 4046 Eumenem
1040 4003 1111 4066 inca]
1129 4005 1158 4050 ln
1170 4007 1237 4053 Aria.

272 4060 375 4104 conexit
386 4060 521 4106 Gronovius
532 4065 638 4104 veterem
651 4057 789 4112 lectionem.
853 4062 886 4109 85
903 4065 948 4110 Cn.
968 4065 1071 4113 Sicinius
1086 4072 1176 4127 pretor
1193 4083 1238 4128 quo
1255 4074 1345 4118 aeet-

273 4120 314 4176 Μ
329 4123 390 4165 coeit.
424 4120 490 4175 Quod
505 4120 609 4180 intelligi
626 4117 706 4172 deber,
718 4134 790 4178 quon·
822 4125 884 4187 tum]
909 4126 941 4172 ut
952 4127 995 4174 Cn.
1008 4128 1112 4176 sicinius
1126 4139 1217 4190 proetor
1227 4141 1345 4196 puratum

274 4183 325 4225 tran
345 4183 452 4229 minem
469 4185 500 4230 ad
520 4185 547 4231 ld
571 4181 647 4242 quod:
675 4187 704 4227 ut
725 4186 791 4241 apud
822 4188 956 4236 exercitum
977 4192 1085 4247 mouet,
1101 4200 1148 4240 etc.
1182 4196 1249 4242 Male
1270 4203 1347 4245 antea

274 4240 793 4308 cicenepnl111.ad0uintum‚ouoe
823 4250 956 4308 legebatur,
977 4255 1018 4314 με
1038 4257 1172 4306 mm,
1204 4259 1347 4314 emm.

274 4304 367 4370 parcnt,
396 4303 452 4366 quid
477 4309 504 4355 dc
532 4310 581 4356 illic
604 4308 670 4356 nort:
693 4311 790 4370 egerim,
822 4316 934 4366 muniit.
1337 4337 1345 4364 ς
