2942 4750
310 240 350 296 Η
690 233 800 293 ΤΙΤΙ
830 231 966 293 L1v11

151 418 220 467 lta
232 415 288 467 teo.
313 421 392 464 num
405 399 561 486 tripedem
581 406 751 472 natumst
772 407 899 460 taurum
921 417 993 461 cum
1020 394 1161 481 quinque
1184 397 1288 469 mosis
1312 418 1379 463 uno

151 482 288 532 *2¹⁷2
313 487 381 551 ictu
406 485 547 552 fulminis
568 482 772 547 exanimatos.
817 482 950 546 Auximi
969 493 1055 545 terra
1078 480 1203 564 pluisse.
1248 481 1380 549 Horum

314 594 442 661 quoque
452 567 674 654 prodigiorum
689 589 799 631 caussa
818 589 868 631 res
887 567 1004 631 divinae
1019 568 1120 644 lactoe,
1135 580 1168 631 et
1188 567 1380 652 supplicatio

314 679 414 723 unum
430 655 513 719 diem
528 652 679 739 feriaeque
693 652 822 717 habitae.

358 742 452 805 XXI.
476 738 631 802 Consules
646 739 686 803 ad
701 737 735 802 id
750 751 875 823 ternpus
889 739 923 800 in
932 737 1116 885 provincias
1136 760 1201 801 non
1223 736 1380 820 exierant,

314 828 388 910 quia
409 846 521 909 neque,
538 824 585 887 uti
607 823 648 888 de
671 822 721 887 Μ.
740 823 877 908 Popillio
896 836 1059 902 reerrent,
1081 822 1204 887 senatui
1226 846 1246 886 o
1325 846 1380 889 ue·

312 910 440 987 bantur,
465 922 507 987 et,
532 910 611 972 nihil
636 909 722 974 aliud
746 911 915 973 decernere
935 910 1034 993 prius,
1050 919 1202 972 statutum
1228 908 1315 973 Patri
1342 932 1379 975 us

195 1052 199 1057 .
313 1006 393 1059 erat.
438 996 547 1060 Aucta
567 995 661 1058 etiam
684 994 803 1058 invidia
825 1006 871 1058 est
895 994 1022 1076 Popillii
1044 993 1142 1057 literis
1164 994 1241 1079 ejus,
1264 994 1379 1079 quibus

152 1104 290 1152 namst-
313 1079 427 1144 iterum
455 1103 527 1144 cum
555 1078 781 1145 Statiellatibus
803 1079 975 1161 Liguribus
997 1079 1170 1163 proconsul
1189 1079 1381 1166 ”pugnasse

149 1168 347 1230 osismus
373 1167 509 1249 scripsit,
535 1187 573 1229 ac
598 1188 630 1229 se
655 1165 765 1230 decem
792 1164 893 1228 millia
917 1185 1029 1228 eorum
1051 1163 1214 1229 occidisse.
1245 1176 1380 1249 propter

312 1252 402 1336 cujus
417 1252 565 1337 iujuriam
580 1250 654 1314 belli
669 1251 766 1314 ceteri
788 1271 915 1336 quoque
930 1250 1087 1335 Ligurum
1109 1250 1222 1333 populi
1236 1250 1275 1313 ad
1289 1272 1380 1317 arma
1402 1258 1443 1315 Ν
1465 1320 1466 1323 Ἴ

312 1338 429 1401 ierunt.
474 1338 562 1403 Turn
578 1358 653 1400 vero
672 1358 735 1399 non
752 1334 862 1399 absens
887 1335 982 1398 modo
1007 1334 1172 1418 Popillius,
1188 1335 1243 1420 qui
1264 1335 1380 1401 deditis

312 1435 425 1486 contra
439 1422 495 1508 jus
516 1445 553 1486 sc
571 1421 618 1486 fus
633 1421 751 1485 bellurn
768 1420 935 1498 intulisset,
951 1432 983 1483 et
1001 1424 1129 1504 pacatos
1150 1421 1190 1483 ad
1212 1420 1379 1486 rebellium

312 1508 481 1584 incitasset,
498 1508 551 1570 sed
572 1508 728 1584 consules,
744 1507 830 1592 quod
848 1528 914 1569 non
936 1505 1059 1569 exirent
1072 1506 1104 1568 in
1120 1506 1328 1589 provinciam,
1344 1508 1378 1571 iu

311 1606 420 1657 senatu
436 1593 522 1655 incre
546 1593 594 1654 iti.
617 1591 678 1654 hoo
700 1613 854 1656 consensu
879 1592 1009 1655 Patruus
1031 1592 1155 1655 accensi
1170 1592 1217 1654 M.
1235 1591 1379 1657 Marcius

313 1678 427 1744 Serum
451 1690 483 1741 et
543 1675 712 1739 ‚Marcius
735 1677 852 1760 Scylla,
869 1676 989 1741 tribuni
1010 1676 1122 1762 plebis,
1137 1689 1169 1739 et
1194 1676 1379 1742 consulibus

312 1765 446 1828 multam
471 1785 504 1825 se
525 1761 678 1840 dicturos,
694 1762 754 1824 nisi
776 1764 808 1824 in
829 1762 1023 1845 provinciam
1046 1763 1181 1838 exirent,
1204 1763 1378 1829 denuncia-

149 1866 253 1928 lsogsuo
263 1871 293 1915 ue
313 1864 404 1925 runt3
429 1861 460 1913 et
475 1871 511 1912 ro
554 1847 683 1922 tionem,
695 1868 792 1931 quam
807 1845 848 1909 de
863 1847 1032 1946 Liguribus
1047 1847 1161 1910 deditis
1175 1848 1379 1935 promulgare

149 1930 289 2042 ἔξω·
311 1934 344 1995 ἰη
361 1870 644 2008 immobiliorum,
661 1933 694 1994 in
715 1946 827 1996 senatu
849 1946 1033 1996 recitarunt.
1079 1931 1296 2009 sanciebatur,
1311 1934 1379 1998 “ut

311 2020 363 2101 qui
375 2042 416 2081 ec
429 2021 580 2082 Statiellis
601 2017 711 2080 deditis
732 2019 768 2079 in
789 2018 955 2080 libertatem
976 2019 1134 2080 restitutus
1147 2019 1168 2051 ⁶⁹
1176 2029 1246 2082 astte
1259 2020 1380 2083 Kolen-

311 2105 368 2166 das
379 2102 510 2166 'Sextiles
517 2104 638 2184 prinus
652 2123 713 2164 non
727 2111 812 2177 esset,
827 2100 910 2184 cujus
932 2103 1002 2164 don>
1016 2103 1101 2163 molo
1115 2104 1143 2164 is
1158 2104 1190 2165 in
1204 2107 1379 2170 seruitutem

310 2189 449 2265 muas,
464 2196 499 2250 ut
512 2187 641 2268 juratus
653 2196 774 2250 seruatas
796 2188 973 2263 decemeret,
989 2186 1042 2269 qui
1063 2208 1213 2250 enarrem
1233 2203 1381 2270 quareret

311 2274 633 2357 animaduerteretque.
679 2270 731 2334 Ex
750 2271 938 2335 auctoritate
951 2271 1067 2336 deinde
1082 2283 1209 2335 senatus
1231 2294 1301 2337 eum
1325 2297 1381 2340 ro·

309 2359 471 2446 gallonem
492 2357 745 2445 promulgarunt
790 2357 977 2442 Priusquam
1000 2355 1276 2442 proficiscerentur
1300 2382 1378 2425 con-

308 2445 402 2524 sules,
431 2445 470 2511 C.
487 2445 631 2510 Cicereio
648 2442 781 2528 proetori
799 2442 914 2528 prioris
939 2443 1015 2506 anni
1039 2442 1080 2506 ad
1105 2442 1208 2507 sedern
1233 2444 1379 2511 Bellonae

147 2540 267 2590 creemus
311 2547 439 2596 senatus
453 2531 546 2594 datus
560 2542 616 2594 est.
662 2531 703 2608 Is,
718 2528 882 2611 expositis,
898 2529 1024 2612 quasin
1040 2527 1171 2592 Corsica
1192 2550 1242 2593 res
1262 2533 1379 2617 gessis-

148 2606 268 2681 ΨΜ
311 2628 368 2691 set,
384 2613 606 2696 postulatoque
627 2614 746 2673 frustra
767 2612 939 2695 triumpho,
955 2614 989 2675 in
1012 2624 1120 2677 monte
1136 2614 1274 2692 Albano,
1288 2618 1377 2700 quod

146 2670 283 2778 ffiffiff
303 2698 372 2781 jam
398 2698 431 2758 in
457 2717 576 2758 morem
604 2707 743 2772 venerat,
764 2708 801 2758 ut
824 2697 891 2758 sine
911 2698 1039 2780 publica
1064 2702 1250 2765 auctoritate
1272 2699 1375 2781 fieret,
1432 2709 1440 2728 ⁸

147 2795 250 2843 nium
309 2778 527 2863 triumphavit.
566 2778 797 2862 ‚Rogationem
824 2778 981 2846 Marciam
1003 2783 1044 2846 de
1066 2783 1237 2867 Liguribus
1257 2808 1378 2872 magno

310 2885 464 2929 consensu
487 2863 594 2947 plebes
616 2864 706 2927 scivit
721 2864 886 2950 jussitque.
916 2888 957 2930 ex
978 2890 1017 2931 eo
1038 2869 1204 2953 plebiscito
1226 2871 1264 2936 C.
1289 2871 1377 2936 Lici·

309 2950 381 3028 nius
396 2963 515 3036 praetor
530 2948 689 3014 consuluit
702 2962 856 3026 senatum,
872 2973 967 3035 quern
983 2975 1126 3038 quaerere
1140 2966 1195 3021 ea·
1209 2957 1376 3045 rogatione

309 3037 414 3102 vellet.
461 3037 571 3101 Patres
587 3038 689 3120 ipsum
704 3058 776 3099 eum
792 3057 936 3121 quaerere
945 3038 1115 3123 jusserunt.

322 3159 324 3163 >
354 3121 471 3186 XXll.
504 3122 590 3185 Tum
613 3121 741 3185 demum
775 3120 919 3185 consules
949 3126 981 3186 in
1012 3125 1208 3208 provinciam
1241 3126 1401 3209 profecti.

309 3222 393 3285 sunt,
415 3208 682 3293 ⁷⁰exercitumque
705 3229 723 3269 a
750 3205 798 3270 M.
823 3206 961 3292 Popillio
985 3225 1146 3292 ceperunt
1190 3212 1304 3298 Neque
1325 3227 1375 3279 ta·

308 3313 382 3356 men
400 3292 447 3356 M.
466 3293 620 3376 Popillius
634 3292 750 3356 reverti
775 3293 912 3356 Romam
934 3292 1082 3371 audebat,
1099 3318 1139 3358 ne
1160 3318 1302 3361 caussam
1326 3301 1376 3365 di·
1448 3334 1454 3360 ‹

309 3393 403 3457 cerat,
429 3377 559 3443 adverso
582 3389 704 3455 senatu,
733 3376 894 3468 infestiore
918 3380 1049 3464 populo,
1076 3381 1162 3465 apud
1190 3396 1373 3467 praetorem,
1412 3399 1419 3452 ἲ

699 3484 899 3544 'nierGrom
911 3483 994 3552 Creu.⁴

340 3568 373 3617 67
389 3569 545 3629 Psgnossese
558 3571 698 3630 eulpam
713 3583 737 3616 se
750 3570 826 3617 mum
857 3572 1376 3629 huiniormulisusitatmoratiouismem·

307 3631 395 3695 muso]
419 3632 491 3679 Forte
506 3634 601 3681 sedecim
613 3634 696 3679 millio.
726 3635 826 3694 Ingrata
857 3637 907 3683 bra.
941 3637 974 3682 Ut
988 3634 1086 3698 juretus
1107 3646 1205 3685 senatus
1226 3641 1375 3696 mose,

307 3696 374 3742 enlm
389 3696 488 3743 auribus
503 3698 590 3745 reddit
605 3698 716 3757 repetitio
732 3699 825 3744 voculis
857 3701 899 3759 qui
921 3701 1053 3760 inquireret
1076 3704 1327 3765 animadverteretque
1347 3707 1375 3753 lu

306 3772 331 3805 ss
348 3766 400 3805 tam
417 3760 557 3821 propinquis
572 3761 598 3805 in
618 3761 683 3807 locis.
706 3761 823 3809 Pramo·
854 3762 999 3827 eum‚csrjus
1006 3767 1063 3812 dolo
1073 3767 1323 3815 maloinservitutern
1333 3783 1375 3816 re·

307 3833 383 3869 urus.
856 3830 1375 3890 nundatusessetquicunqueexstetiellia

338 3887 371 3935 68
390 3887 472 3946 thsl
488 3900 517 3932 er
530 3887 699 3933 Statiellls...
715 3890 824 3948 aljsra·
855 3894 1299 3941 nonrestttutusloretinlibertatsm
1315 3905 1374 3945 ante

306 3954 344 3997 tus
360 3949 464 4011 emtus]
481 3950 677 3998 Gemmstionern
696 3953 822 4012 pertictsso
855 3954 975 4002 Kalendas
987 3956 1096 4003 Sextiles.

305 4018 332 4059 st
342 4015 368 4061 in
379 4011 499 4077 ejusmodi
509 4014 620 4061 formulis
630 4010 685 4074 jam
695 4016 822 4076 aliquoties
885 4020 917 4065 69
933 4018 996 4068 Ante
1014 4020 1131 4068 Kalendas
1147 4021 1247 4069 Scittio
1264 4023 1371 4088 pum]

304 4081 484 4131 sumserimus,
497 4084 522 4123 et
533 4079 669 4124 observabit
685 4080 749 4126 inira
767 4079 822 4125 diii·
852 4083 918 4129 Ante
930 4083 1049 4131 Kalendas
1065 4085 1167 4132 Sextiles
1183 4087 1293 4146 proxime
1304 4100 1375 4136 neu·

304 4144 458 4214 genslector.
471 4155 539 4202 capp.
551 4141 589 4188 22.
602 4140 641 4188 28·
653 4141 725 4188 usn
743 4141 821 4189 'Serr-
852 4151 925 4192 tures.
943 4146 1000 4196 via
1012 4148 1287 4197 nossasuixxm.
1299 4151 1372 4200 aaz

304 4213 348 4276 ⁸⁸¹⁸.
357 4204 430 4266 liujus
445 4206 585 4267 rogationis,
597 4206 639 4266 qui
656 4207 728 4266 paulo
744 4206 820 4266 imps-
885 4210 917 4256 'lo
931 4212 1111 4271 &erutumque
1127 4229 1143 4259 a
1158 4214 1199 4259 Μ.
1217 4213 1321 4273 Popillio
1335 4229 1371 4262 oe.

304 4263 463 4316 diaorvideri
479 4276 566 4330 potest,
579 4270 721 4342 perspicuus
731 4270 823 4316 istre·
848 4275 947 4338 mai]
978 4275 1043 4336 Lege
1062 4288 1120 4323 cum
1142 4278 1263 4324 Grouosio
1281 4291 1372 4340 amspe-

305 4330 401 4377 rocautl
410 4332 437 4377 ln
447 4334 566 4392 ordinm,
581 4340 690 4397 marech,
707 4347 739 4382 ex
753 4348 822 4383 more
853 4341 916 4384 nat
950 4338 989 4386 Sic
999 4339 1066 4386 euim
1076 4341 1137 4388 solet
1148 4341 1215 4400 ioqui
1226 4340 1321 4400 liuius.
