<?xml version="1.0" encoding="UTF-8"?>
<!DOCTYPE html PUBLIC "-//W3C//DTD XHTML 1.0 Transitional//EN"
    "http://www.w3.org/TR/xhtml1/DTD/xhtml1-transitional.dtd">
<html xmlns="http://www.w3.org/1999/xhtml" xml:lang="en" lang="en">
 <head>
  <title>
</title>
<meta http-equiv="Content-Type" content="text/html;charset=utf-8" />
  <meta name='ocr-system' content='tesseract 3.04.00' />
  <meta name='ocr-capabilities' content='ocr_page ocr_carea ocr_par ocr_line ocrx_word'/>
</head>
<body>
  <div class='ocr_page' id='page_1' title='image "./tliviipatavinih05crevgoog/tliviipatavinih05crevgoog_0464.png"; bbox 0 0 2942 4750; ppageno 0'>
   <div class='ocr_carea' id='block_1_1' title="bbox 266 145 986 231">
    <p class='ocr_par' dir='ltr' id='par_1_1' title="bbox 266 145 986 231">
     <span class='ocr_line' id='line_1_1' title="bbox 266 145 986 231; baseline -0.008 -2"><span class='ocrx_word' id='word_1_1' title='bbox 266 150 327 229; x_wconf 84' lang='lat' dir='ltr'>iiii</span> <span class='ocrx_word' id='word_1_2' title='bbox 640 145 986 231; x_wconf 65' lang='lat' dir='ltr'>puerulo.</span> 
     </span>
    </p>
   </div>
   <div class='ocr_carea' id='block_1_2' title="bbox 100 352 1433 4265">
    <p class='ocr_par' dir='ltr' id='par_1_2' title="bbox 106 352 1372 454">
     <span class='ocr_line' id='line_1_2' title="bbox 106 352 1372 454; baseline 0.011 -29"><span class='ocrx_word' id='word_1_3' title='bbox 106 381 165 426; x_wconf 71' lang='lat' dir='ltr'>nu</span> <span class='ocrx_word' id='word_1_4' title='bbox 166 381 246 427; x_wconf 71' lang='grc'>111</span> <span class='ocrx_word' id='word_1_5' title='bbox 268 371 382 447; x_wconf 80' lang='lat' dir='ltr'>estin,</span> <span class='ocrx_word' id='word_1_6' title='bbox 400 356 697 454; x_wconf 82' lang='lat' dir='ltr'>totsepetronis</span> <span class='ocrx_word' id='word_1_7' title='bbox 716 356 877 437; x_wconf 85' lang='lat' dir='ltr'>tuebitur</span> <span class='ocrx_word' id='word_1_8' title='bbox 899 356 1038 442; x_wconf 78' lang='lat' dir='ltr'>iiviris,</span> <span class='ocrx_word' id='word_1_9' title='bbox 1055 354 1244 452; x_wconf 73' lang='lat' dir='ltr'>quatiere</span> <span class='ocrx_word' id='word_1_10' title='bbox 1264 352 1372 451; x_wconf 67' lang='lat' dir='ltr'>aprili</span> 
     </span>
    </p>

    <p class='ocr_par' dir='ltr' id='par_1_3' title="bbox 104 445 1418 2518">
     <span class='ocr_line' id='line_1_3' title="bbox 104 445 1372 571; baseline -0.013 -12.973"><span class='ocrx_word' id='word_1_11' title='bbox 106 445 186 491; x_wconf 52' lang='lat' dir='ltr'>mim</span> <span class='ocrx_word' id='word_1_12' title='bbox 104 510 195 571; x_wconf 65' lang='grc' dir='ltr'>ωψι...</span> <span class='ocrx_word' id='word_1_13' title='bbox 197 461 422 553; x_wconf 69' lang='lat' dir='ltr'>ex&#39;Grecos</span> <span class='ocrx_word' id='word_1_14' title='bbox 436 471 688 568; x_wconf 68' lang='lat' dir='ltr'>[annosque</span> <span class='ocrx_word' id='word_1_15' title='bbox 678 496 718 551; x_wconf 88' lang='lat' dir='ltr'>iu</span> <span class='ocrx_word' id='word_1_16' title='bbox 733 471 1059 553; x_wconf 83' lang='lat' dir='ltr'>historismaxime</span> <span class='ocrx_word' id='word_1_17' title='bbox 1070 470 1236 547; x_wconf 82' lang='lat' dir='ltr'>claruere</span> <span class='ocrx_word' id='word_1_18' title='bbox 1249 467 1372 566; x_wconf 76' lang='lat' dir='ltr'>scrip</span> 
     </span>
     <span class='ocr_line' id='line_1_4' title="bbox 267 572 1372 684; baseline -0.011 -14"><span class='ocrx_word' id='word_1_19' title='bbox 267 603 377 678; x_wconf 85' lang='lat' dir='ltr'>tores,</span> <span class='ocrx_word' id='word_1_20' title='bbox 405 576 615 674; x_wconf 77' lang='lat' dir='ltr'>Herodoto,</span> <span class='ocrx_word' id='word_1_21' title='bbox 642 582 880 684; x_wconf 84' lang='lat' dir='ltr'><strong>Thucydide,</strong></span> <span class='ocrx_word' id='word_1_22' title='bbox 899 572 1164 684; x_wconf 75' lang='lat' dir='ltr'>Xenophonte,</span> <span class='ocrx_word' id='word_1_23' title='bbox 1188 584 1372 681; x_wconf 82' lang='lat' dir='ltr'>Polybio,</span> 
     </span>
     <span class='ocr_line' id='line_1_5' title="bbox 267 699 1371 799; baseline -0.008 -16"><span class='ocrx_word' id='word_1_24' title='bbox 267 706 455 791; x_wconf 76' lang='lat' dir='ltr'>Sallustio,</span> <span class='ocrx_word' id='word_1_25' title='bbox 485 702 633 789; x_wconf 73' lang='lat' dir='ltr'>Tacito,</span> <span class='ocrx_word' id='word_1_26' title='bbox 669 702 811 779; x_wconf 80' lang='lat' dir='ltr'>Curtio.</span> <span class='ocrx_word' id='word_1_27' title='bbox 863 701 1090 799; x_wconf 87' lang='lat' dir='ltr'>Dionysium</span> <span class='ocrx_word' id='word_1_28' title='bbox 1119 699 1371 779; x_wconf 83' lang='lat' dir='ltr'>Halicarnas-</span> 
     </span>
     <span class='ocr_line' id='line_1_6' title="bbox 266 817 1371 948; baseline -0.009 -48"><span class='ocrx_word' id='word_1_29' title='bbox 266 846 371 900; x_wconf 83' lang='lat' dir='ltr'>eoum</span> <span class='ocrx_word' id='word_1_30' title='bbox 391 818 534 905; x_wconf 86' lang='lat' dir='ltr'>omitto,</span> <span class='ocrx_word' id='word_1_31' title='bbox 556 819 660 946; x_wconf 78' lang='lat' dir='ltr'>apud</span> <span class='ocrx_word' id='word_1_32' title='bbox 681 843 794 948; x_wconf 87' lang='lat' dir='ltr'>quein</span> <span class='ocrx_word' id='word_1_33' title='bbox 816 842 894 895; x_wconf 89' lang='lat' dir='ltr'>non</span> <span class='ocrx_word' id='word_1_34' title='bbox 915 817 1098 895; x_wconf 84' lang='lat' dir='ltr'>immerito</span> <span class='ocrx_word' id='word_1_35' title='bbox 1128 818 1289 891; x_wconf 85' lang='lat' dir='ltr'>fortasse</span> <span class='ocrx_word' id='word_1_36' title='bbox 1313 841 1371 890; x_wconf 83' lang='lat' dir='ltr'>ie-</span> 
     </span>
     <span class='ocr_line' id='line_1_7' title="bbox 265 932 1418 1033; baseline -0.008 -19"><span class='ocrx_word' id='word_1_37' title='bbox 265 935 444 1033; x_wconf 82' lang='lat' dir='ltr'>pieliendi</span> <span class='ocrx_word' id='word_1_38' title='bbox 470 933 589 1031; x_wconf 83' lang='lat' dir='ltr'>possit</span> <span class='ocrx_word' id='word_1_39' title='bbox 613 934 728 1011; x_wconf 87' lang='lat' dir='ltr'>nimia</span> <span class='ocrx_word' id='word_1_40' title='bbox 753 934 963 1014; x_wconf 81' lang='lat' dir='ltr'>oratiorium</span> <span class='ocrx_word' id='word_1_41' title='bbox 987 932 1192 1030; x_wconf 85' lang='lat' dir='ltr'>prolixitas,</span> <span class='ocrx_word' id='word_1_42' title='bbox 1214 957 1304 1030; x_wconf 80' lang='lat' dir='ltr'>quae</span> <span class='ocrx_word' id='word_1_43' title='bbox 1331 943 1370 1006; x_wconf 92' lang='grc'>11</span> <span class='ocrx_word' id='word_1_44' title='bbox 1412 976 1418 1025; x_wconf 72' lang='grc'><strong>,</strong></span> 
     </span>
     <span class='ocr_line' id='line_1_8' title="bbox 265 1046 1367 1147; baseline -0.005 -20"><span class='ocrx_word' id='word_1_45' title='bbox 265 1052 396 1147; x_wconf 70' lang='lat' dir='ltr'>fatigat</span> <span class='ocrx_word' id='word_1_46' title='bbox 427 1050 616 1136; x_wconf 80' lang='lat' dir='ltr'>lectorem,</span> <span class='ocrx_word' id='word_1_47' title='bbox 650 1060 689 1124; x_wconf 88' lang='lat' dir='ltr'>et</span> <span class='ocrx_word' id='word_1_48' title='bbox 720 1050 906 1146; x_wconf 75' lang='lat' dir='ltr'>ingratam</span> <span class='ocrx_word' id='word_1_49' title='bbox 943 1049 1136 1127; x_wconf 87' lang='lat' dir='ltr'>interdum.</span> <span class='ocrx_word' id='word_1_50' title='bbox 1159 1046 1367 1123; x_wconf 85' lang='lat' dir='ltr'>narrationi</span> 
     </span>
     <span class='ocr_line' id='line_1_9' title="bbox 266 1163 1368 1261; baseline -0.006 -18"><span class='ocrx_word' id='word_1_51' title='bbox 266 1190 409 1243; x_wconf 83' lang='lat' dir='ltr'>moram</span> <span class='ocrx_word' id='word_1_52' title='bbox 425 1164 553 1259; x_wconf 83' lang='lat' dir='ltr'>injicit.</span> <span class='ocrx_word' id='word_1_53' title='bbox 604 1164 683 1240; x_wconf 85' lang='lat' dir='ltr'>Sed</span> <span class='ocrx_word' id='word_1_54' title='bbox 700 1174 908 1241; x_wconf 87' lang='lat' dir='ltr'>ceterorum</span> <span class='ocrx_word' id='word_1_55' title='bbox 928 1188 1024 1261; x_wconf 89' lang='lat' dir='ltr'>quos</span> <span class='ocrx_word' id='word_1_56' title='bbox 1041 1164 1156 1237; x_wconf 89' lang='lat' dir='ltr'>modo</span> <span class='ocrx_word' id='word_1_57' title='bbox 1173 1163 1368 1241; x_wconf 79' lang='lat' dir='ltr'>nominari</span> 
     </span>
     <span class='ocr_line' id='line_1_10' title="bbox 265 1279 1366 1377; baseline -0.008 -18"><span class='ocrx_word' id='word_1_58' title='bbox 265 1282 400 1367; x_wconf 80' lang='lat' dir='ltr'>eedem</span> <span class='ocrx_word' id='word_1_59' title='bbox 415 1306 499 1377; x_wconf 77' lang='lat' dir='ltr'>que</span> <span class='ocrx_word' id='word_1_60' title='bbox 517 1280 613 1359; x_wconf 75' lang='lat' dir='ltr'>Livii</span> <span class='ocrx_word' id='word_1_61' title='bbox 630 1306 747 1355; x_wconf 88' lang='lat' dir='ltr'>causa</span> <span class='ocrx_word' id='word_1_62' title='bbox 767 1291 835 1356; x_wconf 89' lang='lat' dir='ltr'>est.</span> <span class='ocrx_word' id='word_1_63' title='bbox 887 1280 1005 1377; x_wconf 80' lang='lat' dir='ltr'>Apud</span> <span class='ocrx_word' id='word_1_64' title='bbox 1023 1304 1153 1357; x_wconf 86' lang='lat' dir='ltr'>ornnes</span> <span class='ocrx_word' id='word_1_65' title='bbox 1168 1288 1207 1352; x_wconf 89' lang='lat' dir='ltr'>et</span> <span class='ocrx_word' id='word_1_66' title='bbox 1222 1279 1366 1352; x_wconf 76' lang='lat' dir='ltr'>crebre</span> 
     </span>
     <span class='ocr_line' id='line_1_11' title="bbox 265 1393 1365 1493; baseline 0.001 -25"><span class='ocrx_word' id='word_1_67' title='bbox 265 1396 452 1475; x_wconf 85' lang='lat' dir='ltr'>orationes</span> <span class='ocrx_word' id='word_1_68' title='bbox 474 1394 714 1493; x_wconf 85' lang='lat' dir='ltr'>reperiuntur,</span> <span class='ocrx_word' id='word_1_69' title='bbox 731 1404 781 1483; x_wconf 88' lang='lat' dir='ltr'>et,</span> <span class='ocrx_word' id='word_1_70' title='bbox 800 1397 830 1472; x_wconf 85' lang='lat' dir='ltr'>si</span> <span class='ocrx_word' id='word_1_71' title='bbox 846 1396 1004 1493; x_wconf 84' lang='lat' dir='ltr'>quando.</span> <span class='ocrx_word' id='word_1_72' title='bbox 1023 1418 1118 1491; x_wconf 90' lang='lat' dir='ltr'>opus</span> <span class='ocrx_word' id='word_1_73' title='bbox 1139 1393 1258 1479; x_wconf 84' lang='lat' dir='ltr'>fiierit,</span> <span class='ocrx_word' id='word_1_74' title='bbox 1281 1394 1365 1469; x_wconf 88' lang='lat' dir='ltr'>leii-</span> 
     </span>
     <span class='ocr_line' id='line_1_12' title="bbox 265 1508 1364 1608; baseline -0.005 -21"><span class='ocrx_word' id='word_1_75' title='bbox 265 1512 453 1608; x_wconf 81' lang='lat' dir='ltr'>giusculoe,</span> <span class='ocrx_word' id='word_1_76' title='bbox 474 1522 513 1586; x_wconf 88' lang='lat' dir='ltr'>et</span> <span class='ocrx_word' id='word_1_77' title='bbox 538 1511 710 1587; x_wconf 89' lang='lat' dir='ltr'>omnibus</span> <span class='ocrx_word' id='word_1_78' title='bbox 737 1511 887 1589; x_wconf 82' lang='lat' dir='ltr'>dicendi</span> <span class='ocrx_word' id='word_1_79' title='bbox 913 1510 1117 1598; x_wconf 86' lang='lat' dir='ltr'>virtutibus,</span> <span class='ocrx_word' id='word_1_80' title='bbox 1136 1508 1238 1591; x_wconf 82' lang='lat' dir='ltr'>omni</span> <span class='ocrx_word' id='word_1_81' title='bbox 1258 1510 1364 1585; x_wconf 85' lang='lat' dir='ltr'>cultu</span> 
     </span>
     <span class='ocr_line' id='line_1_13' title="bbox 265 1627 1363 1724; baseline -0.002 -19"><span class='ocrx_word' id='word_1_82' title='bbox 265 1627 449 1724; x_wconf 72' lang='lat' dir='ltr'>expolita,</span> <span class='ocrx_word' id='word_1_83' title='bbox 473 1627 505 1700; x_wconf 87' lang='lat' dir='ltr'>si</span> <span class='ocrx_word' id='word_1_84' title='bbox 529 1636 656 1706; x_wconf 84' lang='lat' dir='ltr'>tamen</span> <span class='ocrx_word' id='word_1_85' title='bbox 682 1628 911 1723; x_wconf 85' lang='lat' dir='ltr'>Polybianas</span> <span class='ocrx_word' id='word_1_86' title='bbox 931 1627 1109 1724; x_wconf 77' lang='lat' dir='ltr'>excipies,</span> <span class='ocrx_word' id='word_1_87' title='bbox 1125 1653 1210 1723; x_wconf 81' lang='lat' dir='ltr'>quae</span> <span class='ocrx_word' id='word_1_88' title='bbox 1235 1627 1363 1707; x_wconf 71' lang='lat' dir='ltr'>uncte</span> 
     </span>
     <span class='ocr_line' id='line_1_14' title="bbox 266 1742 1362 1840; baseline -0.002 -21"><span class='ocrx_word' id='word_1_89' title='bbox 266 1769 379 1819; x_wconf 85' lang='lat' dir='ltr'>sensu</span> <span class='ocrx_word' id='word_1_90' title='bbox 412 1742 656 1840; x_wconf 84' lang='lat' dir='ltr'>comptiorem</span> <span class='ocrx_word' id='word_1_91' title='bbox 694 1755 868 1821; x_wconf 89' lang='lat' dir='ltr'>ornatum</span> <span class='ocrx_word' id='word_1_92' title='bbox 906 1744 1112 1840; x_wconf 80' lang='lat' dir='ltr'>neglexere.</span> <span class='ocrx_word' id='word_1_93' title='bbox 1174 1743 1362 1817; x_wconf 81' lang='lat' dir='ltr'>Omnibus</span> 
     </span>
     <span class='ocr_line' id='line_1_15' title="bbox 264 1846 1359 1955; baseline -0.002 -22"><span class='ocrx_word' id='word_1_94' title='bbox 264 1855 375 1952; x_wconf 84' lang='lat' dir='ltr'>igitur</span> <span class='ocrx_word' id='word_1_95' title='bbox 398 1868 463 1931; x_wconf 91' lang='lat' dir='ltr'>aut</span> <span class='ocrx_word' id='word_1_96' title='bbox 485 1846 568 1935; x_wconf 86' lang='lat' dir='ltr'>laus</span> <span class='ocrx_word' id='word_1_97' title='bbox 594 1860 792 1935; x_wconf 79' lang='lat' dir='ltr'>tribuenda</span> <span class='ocrx_word' id='word_1_98' title='bbox 807 1869 875 1947; x_wconf 88' lang='lat' dir='ltr'>est,</span> <span class='ocrx_word' id='word_1_99' title='bbox 903 1869 967 1932; x_wconf 88' lang='lat' dir='ltr'>aut</span> <span class='ocrx_word' id='word_1_100' title='bbox 991 1859 1098 1933; x_wconf 87' lang='lat' dir='ltr'>venia</span> <span class='ocrx_word' id='word_1_101' title='bbox 1124 1859 1359 1955; x_wconf 87' lang='lat' dir='ltr'>deneganda.</span> 
     </span>
     <span class='ocr_line' id='line_1_16' title="bbox 265 1968 1361 2070; baseline 0.005 -26"><span class='ocrx_word' id='word_1_102' title='bbox 265 1968 414 2051; x_wconf 80' lang='lat' dir='ltr'>Durum</span> <span class='ocrx_word' id='word_1_103' title='bbox 440 1997 531 2049; x_wconf 85' lang='lat' dir='ltr'>sane</span> <span class='ocrx_word' id='word_1_104' title='bbox 555 1972 594 2046; x_wconf 93' lang='lat' dir='ltr'>in</span> <span class='ocrx_word' id='word_1_105' title='bbox 619 1981 676 2048; x_wconf 89' lang='lat' dir='ltr'>tot</span> <span class='ocrx_word' id='word_1_106' title='bbox 703 1983 782 2047; x_wconf 83' lang='lat' dir='ltr'>tam</span> <span class='ocrx_word' id='word_1_107' title='bbox 804 1975 964 2051; x_wconf 84' lang='lat' dir='ltr'>illustres</span> <span class='ocrx_word' id='word_1_108' title='bbox 989 1998 1074 2053; x_wconf 88' lang='lat' dir='ltr'>reos</span> <span class='ocrx_word' id='word_1_109' title='bbox 1094 1998 1247 2070; x_wconf 84' lang='lat' dir='ltr'>gravem</span> <span class='ocrx_word' id='word_1_110' title='bbox 1268 1977 1361 2049; x_wconf 86' lang='lat' dir='ltr'>ferie</span> 
     </span>
     <span class='ocr_line' id='line_1_17' title="bbox 264 2086 1360 2187; baseline -0.001 -22"><span class='ocrx_word' id='word_1_111' title='bbox 264 2086 497 2174; x_wconf 73' lang='lat' dir='ltr'>senentiam,</span> <span class='ocrx_word' id='word_1_112' title='bbox 518 2095 559 2161; x_wconf 89' lang='lat' dir='ltr'>et</span> <span class='ocrx_word' id='word_1_113' title='bbox 580 2086 619 2161; x_wconf 88' lang='lat' dir='ltr'>in</span> <span class='ocrx_word' id='word_1_114' title='bbox 635 2112 774 2186; x_wconf 84' lang='lat' dir='ltr'>magna</span> <span class='ocrx_word' id='word_1_115' title='bbox 789 2088 854 2165; x_wconf 91' lang='lat' dir='ltr'>illa</span> <span class='ocrx_word' id='word_1_116' title='bbox 875 2090 1039 2176; x_wconf 86' lang='lat' dir='ltr'>nomina,</span> <span class='ocrx_word' id='word_1_117' title='bbox 1055 2115 1140 2186; x_wconf 80' lang='lat' dir='ltr'>quae</span> <span class='ocrx_word' id='word_1_118' title='bbox 1157 2090 1280 2169; x_wconf 82' lang='lat' dir='ltr'>onmis</span> <span class='ocrx_word' id='word_1_119' title='bbox 1296 2115 1360 2187; x_wconf 87' lang='lat' dir='ltr'>per</span> 
     </span>
     <span class='ocr_line' id='line_1_18' title="bbox 264 2203 1359 2302; baseline 0.003 -27"><span class='ocrx_word' id='word_1_120' title='bbox 264 2210 321 2276; x_wconf 89' lang='lat' dir='ltr'>tot</span> <span class='ocrx_word' id='word_1_121' title='bbox 335 2211 433 2276; x_wconf 84' lang='lat' dir='ltr'>retro</span> <span class='ocrx_word' id='word_1_122' title='bbox 451 2203 578 2278; x_wconf 86' lang='lat' dir='ltr'>secula</span> <span class='ocrx_word' id='word_1_123' title='bbox 604 2203 737 2277; x_wconf 86' lang='lat' dir='ltr'>mirata</span> <span class='ocrx_word' id='word_1_124' title='bbox 761 2213 819 2279; x_wconf 89' lang='lat' dir='ltr'>est</span> <span class='ocrx_word' id='word_1_125' title='bbox 835 2215 1010 2291; x_wconf 87' lang='lat' dir='ltr'>vetustas,</span> <span class='ocrx_word' id='word_1_126' title='bbox 1028 2230 1111 2301; x_wconf 87' lang='lat' dir='ltr'>quae</span> <span class='ocrx_word' id='word_1_127' title='bbox 1127 2204 1192 2301; x_wconf 87' lang='lat' dir='ltr'>qni</span> <span class='ocrx_word' id='word_1_128' title='bbox 1209 2228 1359 2302; x_wconf 69' lang='lat' dir='ltr'>camere</span> 
     </span>
     <span class='ocr_line' id='line_1_19' title="bbox 264 2317 1358 2419; baseline -0.002 -21"><span class='ocrx_word' id='word_1_129' title='bbox 264 2317 372 2406; x_wconf 75' lang='lat' dir='ltr'>ausit,</span> <span class='ocrx_word' id='word_1_130' title='bbox 383 2319 527 2402; x_wconf 82' lang='lat' dir='ltr'>facilius</span> <span class='ocrx_word' id='word_1_131' title='bbox 541 2319 611 2402; x_wconf 87' lang='lat' dir='ltr'>sibi</span> <span class='ocrx_word' id='word_1_132' title='bbox 623 2345 739 2419; x_wconf 85' lang='lat' dir='ltr'>quein</span> <span class='ocrx_word' id='word_1_133' title='bbox 751 2320 823 2400; x_wconf 85' lang='lat' dir='ltr'>illis</span> <span class='ocrx_word' id='word_1_134' title='bbox 837 2332 983 2408; x_wconf 78' lang='lat' dir='ltr'>noceat,</span> <span class='ocrx_word' id='word_1_135' title='bbox 998 2320 1207 2400; x_wconf 81' lang='lat' dir='ltr'>censorium</span> <span class='ocrx_word' id='word_1_136' title='bbox 1220 2322 1358 2418; x_wconf 77' lang='lat' dir='ltr'>stylum</span> 
     </span>
     <span class='ocr_line' id='line_1_20' title="bbox 262 2458 448 2518; baseline 0.016 -11"><span class='ocrx_word' id='word_1_137' title='bbox 262 2458 424 2518; x_wconf 70' lang='lat' dir='ltr'>exerere.</span> <span class='ocrx_word' id='word_1_138' title='bbox 446 2483 448 2488; x_wconf 87' lang='lat'><em>·</em></span> 
     </span>
    </p>

    <p class='ocr_par' dir='ltr' id='par_1_4' title="bbox 262 2551 1361 3109">
     <span class='ocr_line' id='line_1_21' title="bbox 314 2551 1359 2650; baseline 0.003 -26"><span class='ocrx_word' id='word_1_139' title='bbox 314 2551 367 2625; x_wconf 90' lang='lat' dir='ltr'>Et</span> <span class='ocrx_word' id='word_1_140' title='bbox 390 2552 555 2648; x_wconf 85' lang='lat' dir='ltr'>quidem,</span> <span class='ocrx_word' id='word_1_141' title='bbox 583 2554 615 2628; x_wconf 88' lang='lat' dir='ltr'>si</span> <span class='ocrx_word' id='word_1_142' title='bbox 644 2578 702 2630; x_wconf 90' lang='lat' dir='ltr'>res</span> <span class='ocrx_word' id='word_1_143' title='bbox 729 2553 812 2649; x_wconf 89' lang='lat' dir='ltr'>ipsa</span> <span class='ocrx_word' id='word_1_144' title='bbox 837 2552 1062 2650; x_wconf 85' lang='lat' dir='ltr'>inspiciatur,</span> <span class='ocrx_word' id='word_1_145' title='bbox 1086 2551 1178 2650; x_wconf 90' lang='lat' dir='ltr'>quid</span> <span class='ocrx_word' id='word_1_146' title='bbox 1205 2554 1359 2630; x_wconf 86' lang='lat' dir='ltr'>tandein</span> 
     </span>
     <span class='ocr_line' id='line_1_22' title="bbox 264 2666 1360 2764; baseline 0.004 -26"><span class='ocrx_word' id='word_1_147' title='bbox 264 2666 453 2762; x_wconf 83' lang='lat' dir='ltr'>deliquere</span> <span class='ocrx_word' id='word_1_148' title='bbox 480 2668 617 2746; x_wconf 82' lang='lat' dir='ltr'>summi</span> <span class='ocrx_word' id='word_1_149' title='bbox 646 2668 855 2764; x_wconf 73' lang='lat' dir='ltr'>scriptores,</span> <span class='ocrx_word' id='word_1_150' title='bbox 883 2669 976 2744; x_wconf 90' lang='lat' dir='ltr'>dum</span> <span class='ocrx_word' id='word_1_151' title='bbox 1001 2678 1134 2764; x_wconf 76' lang='lat' dir='ltr'>preter</span> <span class='ocrx_word' id='word_1_152' title='bbox 1164 2691 1249 2740; x_wconf 86' lang='lat' dir='ltr'>eain</span> <span class='ocrx_word' id='word_1_153' title='bbox 1275 2692 1360 2764; x_wconf 82' lang='lat' dir='ltr'>quie</span> 
     </span>
     <span class='ocr_line' id='line_1_23' title="bbox 263 2780 1360 2878; baseline -0.001 -20"><span class='ocrx_word' id='word_1_154' title='bbox 263 2780 479 2867; x_wconf 69' lang='grc'><strong>(1111111111,</strong></span> <span class='ocrx_word' id='word_1_155' title='bbox 497 2782 769 2858; x_wconf 67' lang='lat' dir='ltr'>tremendorum</span> <span class='ocrx_word' id='word_1_156' title='bbox 780 2783 960 2875; x_wconf 89' lang='lat' dir='ltr'>jucunde,</span> <span class='ocrx_word' id='word_1_157' title='bbox 979 2782 1147 2878; x_wconf 85' lang='lat' dir='ltr'>graviter,</span> <span class='ocrx_word' id='word_1_158' title='bbox 1173 2781 1360 2870; x_wconf 82' lang='grc'><strong>1111111111,</strong></span> 
     </span>
     <span class='ocr_line' id='line_1_24' title="bbox 263 2891 1361 2992; baseline 0.005 -25"><span class='ocrx_word' id='word_1_159' title='bbox 263 2891 501 2990; x_wconf 81' lang='lat' dir='ltr'>dilucideque</span> <span class='ocrx_word' id='word_1_160' title='bbox 528 2919 649 2972; x_wconf 86' lang='lat' dir='ltr'>rerum</span> <span class='ocrx_word' id='word_1_161' title='bbox 679 2895 920 2992; x_wconf 81' lang='lat' dir='ltr'>voluptatem,</span> <span class='ocrx_word' id='word_1_162' title='bbox 937 2897 1050 2972; x_wconf 87' lang='lat' dir='ltr'>etiarn</span> <span class='ocrx_word' id='word_1_163' title='bbox 1076 2897 1231 2971; x_wconf 85' lang='lat' dir='ltr'>alteram</span> <span class='ocrx_word' id='word_1_164' title='bbox 1257 2898 1361 2972; x_wconf 89' lang='lat' dir='ltr'>inde-</span> 
     </span>
     <span class='ocr_line' id='line_1_25' title="bbox 262 3007 1360 3109; baseline -0.004 -19"><span class='ocrx_word' id='word_1_165' title='bbox 262 3007 379 3090; x_wconf 73' lang='lat' dir='ltr'>bitam</span> <span class='ocrx_word' id='word_1_166' title='bbox 395 3010 503 3091; x_wconf 79' lang='lat' dir='ltr'>uobis</span> <span class='ocrx_word' id='word_1_167' title='bbox 519 3036 567 3086; x_wconf 86' lang='lat' dir='ltr'>ex</span> <span class='ocrx_word' id='word_1_168' title='bbox 583 3009 893 3088; x_wconf 81' lang='lat' dir='ltr'>luculentissimis·</span> <span class='ocrx_word' id='word_1_169' title='bbox 909 3013 1136 3090; x_wconf 84' lang='lat' dir='ltr'>orationibus</span> <span class='ocrx_word' id='word_1_170' title='bbox 1158 3016 1360 3109; x_wconf 76' lang='lat' dir='ltr'>paravere?</span> 
     </span>
    </p>

    <p class='ocr_par' dir='ltr' id='par_1_5' title="bbox 100 3126 1433 4034">
     <span class='ocr_line' id='line_1_26' title="bbox 122 3126 1359 3227; baseline 0.001 -22"><span class='ocrx_word' id='word_1_171' title='bbox 122 3150 182 3225; x_wconf 54' lang='lat' dir='ltr'>[em</span> <span class='ocrx_word' id='word_1_172' title='bbox 211 3147 244 3195; x_wconf 70' lang='grc' dir='ltr'>ἱσ-</span> <span class='ocrx_word' id='word_1_173' title='bbox 264 3126 390 3217; x_wconf 86' lang='lat' dir='ltr'>Fides,</span> <span class='ocrx_word' id='word_1_174' title='bbox 407 3127 588 3227; x_wconf 75' lang='lat' dir='ltr'>inquiunt,</span> <span class='ocrx_word' id='word_1_175' title='bbox 606 3127 767 3208; x_wconf 74' lang='lat' dir='ltr'>historie</span> <span class='ocrx_word' id='word_1_176' title='bbox 784 3128 953 3216; x_wconf 83' lang='lat' dir='ltr'>violatur,</span> <span class='ocrx_word' id='word_1_177' title='bbox 972 3131 1063 3203; x_wconf 92' lang='lat' dir='ltr'>dum</span> <span class='ocrx_word' id='word_1_178' title='bbox 1086 3153 1131 3202; x_wconf 87' lang='lat' dir='ltr'>ea</span> <span class='ocrx_word' id='word_1_179' title='bbox 1153 3129 1260 3204; x_wconf 84' lang='lat' dir='ltr'>nobis</span> <span class='ocrx_word' id='word_1_180' title='bbox 1277 3139 1359 3206; x_wconf 83' lang='lat' dir='ltr'>tari·</span> 
     </span>
     <span class='ocr_line' id='line_1_27' title="bbox 129 3227 1359 3341; baseline -0.002 -19"><span class='ocrx_word' id='word_1_181' title='bbox 129 3227 241 3323; x_wconf 57' lang='lat' dir='ltr'>“dumi</span> <span class='ocrx_word' id='word_1_182' title='bbox 262 3267 377 3339; x_wconf 87' lang='lat' dir='ltr'>quem</span> <span class='ocrx_word' id='word_1_183' title='bbox 406 3245 511 3320; x_wconf 81' lang='lat' dir='ltr'>diets</span> <span class='ocrx_word' id='word_1_184' title='bbox 538 3245 798 3331; x_wconf 82' lang='lat' dir='ltr'>obtmduntur,</span> <span class='ocrx_word' id='word_1_185' title='bbox 825 3270 909 3340; x_wconf 80' lang='lat' dir='ltr'>quae</span> <span class='ocrx_word' id='word_1_186' title='bbox 936 3253 1063 3322; x_wconf 82' lang='lat' dir='ltr'>tamen</span> <span class='ocrx_word' id='word_1_187' title='bbox 1087 3267 1279 3341; x_wconf 84' lang='lat' dir='ltr'>nunquam</span> <span class='ocrx_word' id='word_1_188' title='bbox 1303 3269 1359 3320; x_wconf 86' lang='lat' dir='ltr'>re-</span> 
     </span>
     <span class='ocr_line' id='line_1_28' title="bbox 100 3342 1433 3466; baseline 0.004 -38"><span class='ocrx_word' id='word_1_189' title='bbox 100 3356 159 3453; x_wconf 58' lang='lat'>{2⁰</span> <span class='ocrx_word' id='word_1_190' title='bbox 197 3342 233 3387; x_wconf 41' lang='grc' dir='ltr'>’Φ</span> <span class='ocrx_word' id='word_1_191' title='bbox 264 3382 350 3429; x_wconf 85' lang='grc'><strong>1111</strong></span> <span class='ocrx_word' id='word_1_192' title='bbox 375 3358 477 3431; x_wconf 86' lang='lat' dir='ltr'>dicta</span> <span class='ocrx_word' id='word_1_193' title='bbox 502 3371 599 3432; x_wconf 87' lang='lat' dir='ltr'>sunt.</span> <span class='ocrx_word' id='word_1_194' title='bbox 652 3358 770 3441; x_wconf 86' lang='lat' dir='ltr'>Quasi</span> <span class='ocrx_word' id='word_1_195' title='bbox 792 3384 878 3432; x_wconf 89' lang='lat' dir='ltr'>vero</span> <span class='ocrx_word' id='word_1_196' title='bbox 901 3359 1075 3456; x_wconf 85' lang='lat' dir='ltr'>cuiquam</span> <span class='ocrx_word' id='word_1_197' title='bbox 1095 3359 1276 3436; x_wconf 82' lang='lat' dir='ltr'>innooeus</span> <span class='ocrx_word' id='word_1_198' title='bbox 1295 3359 1360 3434; x_wconf 86' lang='lat' dir='ltr'>ille</span> <span class='ocrx_word' id='word_1_199' title='bbox 1432 3377 1433 3466; x_wconf 62' lang='lat' dir='ltr'>l</span> 
     </span>
     <span class='ocr_line' id='line_1_29' title="bbox 263 3470 1357 3572; baseline 0.005 -30"><span class='ocrx_word' id='word_1_200' title='bbox 263 3470 373 3558; x_wconf 80' lang='lat' dir='ltr'>dolus</span> <span class='ocrx_word' id='word_1_201' title='bbox 394 3471 573 3567; x_wconf 86' lang='lat' dir='ltr'>imponet,</span> <span class='ocrx_word' id='word_1_202' title='bbox 592 3484 656 3550; x_wconf 88' lang='lat' dir='ltr'>aut</span> <span class='ocrx_word' id='word_1_203' title='bbox 681 3472 886 3569; x_wconf 88' lang='lat' dir='ltr'>periculum</span> <span class='ocrx_word' id='word_1_204' title='bbox 910 3474 969 3563; x_wconf 87' lang='lat' dir='ltr'>sit,</span> <span class='ocrx_word' id='word_1_205' title='bbox 986 3499 1035 3548; x_wconf 90' lang='lat' dir='ltr'>ne</span> <span class='ocrx_word' id='word_1_206' title='bbox 1054 3474 1138 3572; x_wconf 89' lang='lat' dir='ltr'>quis</span> <span class='ocrx_word' id='word_1_207' title='bbox 1162 3474 1245 3549; x_wconf 89' lang='lat' dir='ltr'>illas</span> <span class='ocrx_word' id='word_1_208' title='bbox 1263 3474 1357 3549; x_wconf 87' lang='lat' dir='ltr'>Livii</span> 
     </span>
     <span class='ocr_line' id='line_1_30' title="bbox 262 3584 1356 3687; baseline 0.002 -23"><span class='ocrx_word' id='word_1_209' title='bbox 262 3599 339 3664; x_wconf 81' lang='lat' dir='ltr'>tam</span> <span class='ocrx_word' id='word_1_210' title='bbox 356 3584 552 3681; x_wconf 80' lang='lat' dir='ltr'>diligenter</span> <span class='ocrx_word' id='word_1_211' title='bbox 568 3587 789 3675; x_wconf 82' lang='lat' dir='ltr'>elaboratas,</span> <span class='ocrx_word' id='word_1_212' title='bbox 808 3599 885 3662; x_wconf 88' lang='lat' dir='ltr'>tam</span> <span class='ocrx_word' id='word_1_213' title='bbox 904 3615 1029 3668; x_wconf 86' lang='lat' dir='ltr'>severe</span> <span class='ocrx_word' id='word_1_214' title='bbox 1045 3589 1258 3687; x_wconf 80' lang='lat' dir='ltr'>castigatas,</span> <span class='ocrx_word' id='word_1_215' title='bbox 1276 3600 1356 3672; x_wconf 84' lang='lat' dir='ltr'>tau·</span> 
     </span>
     <span class='ocr_line' id='line_1_31' title="bbox 261 3701 1357 3802; baseline 0.002 -23"><span class='ocrx_word' id='word_1_216' title='bbox 261 3703 308 3779; x_wconf 86' lang='lat' dir='ltr'>tis</span> <span class='ocrx_word' id='word_1_217' title='bbox 347 3701 541 3782; x_wconf 79' lang='lat' dir='ltr'>verborum</span> <span class='ocrx_word' id='word_1_218' title='bbox 581 3705 921 3802; x_wconf 87' lang='lat' dir='ltr'>sententiarumque</span> <span class='ocrx_word' id='word_1_219' title='bbox 959 3705 1149 3782; x_wconf 79' lang='lat' dir='ltr'>munditiis</span> <span class='ocrx_word' id='word_1_220' title='bbox 1185 3706 1357 3781; x_wconf 83' lang='lat' dir='ltr'>exeiiltes</span> 
     </span>
     <span class='ocr_line' id='line_1_32' title="bbox 262 3817 1355 3917; baseline -0.003 -19"><span class='ocrx_word' id='word_1_221' title='bbox 262 3820 448 3898; x_wconf 74' lang='lat' dir='ltr'>orationes</span> <span class='ocrx_word' id='word_1_222' title='bbox 483 3818 530 3893; x_wconf 85' lang='lat' dir='ltr'>ab</span> <span class='ocrx_word' id='word_1_223' title='bbox 564 3817 722 3892; x_wconf 89' lang='lat' dir='ltr'>horridis</span> <span class='ocrx_word' id='word_1_224' title='bbox 755 3818 827 3894; x_wconf 87' lang='lat' dir='ltr'>illis</span> <span class='ocrx_word' id='word_1_225' title='bbox 853 3821 1062 3917; x_wconf 84' lang='lat' dir='ltr'>primorum</span> <span class='ocrx_word' id='word_1_226' title='bbox 1091 3820 1192 3898; x_wconf 85' lang='lat' dir='ltr'>urbis</span> <span class='ocrx_word' id='word_1_227' title='bbox 1222 3821 1355 3902; x_wconf 82' lang='lat' dir='ltr'>Rome</span> 
     </span>
     <span class='ocr_line' id='line_1_33' title="bbox 262 3933 1009 4034; baseline -0.004 -20"><span class='ocrx_word' id='word_1_228' title='bbox 262 3948 472 4034; x_wconf 85' lang='lat' dir='ltr'>temporum</span> <span class='ocrx_word' id='word_1_229' title='bbox 487 3933 693 4012; x_wconf 81' lang='lat' dir='ltr'>aratoribus</span> <span class='ocrx_word' id='word_1_230' title='bbox 709 3959 795 4008; x_wconf 86' lang='lat' dir='ltr'>esse</span> <span class='ocrx_word' id='word_1_231' title='bbox 812 3935 1009 4011; x_wconf 86' lang='lat' dir='ltr'>existimet.</span> 
     </span>
    </p>

    <p class='ocr_par' dir='ltr' id='par_1_6' title="bbox 311 4049 1356 4149">
     <span class='ocr_line' id='line_1_34' title="bbox 311 4049 1356 4149; baseline 0 -23"><span class='ocrx_word' id='word_1_232' title='bbox 311 4053 442 4126; x_wconf 91' lang='lat' dir='ltr'>Unum</span> <span class='ocrx_word' id='word_1_233' title='bbox 474 4050 631 4148; x_wconf 84' lang='lat' dir='ltr'>excipio.</span> <span class='ocrx_word' id='word_1_234' title='bbox 684 4049 723 4123; x_wconf 87' lang='lat' dir='ltr'>Si</span> <span class='ocrx_word' id='word_1_235' title='bbox 756 4051 926 4147; x_wconf 89' lang='lat' dir='ltr'>scriptori</span> <span class='ocrx_word' id='word_1_236' title='bbox 957 4052 1062 4127; x_wconf 90' lang='lat' dir='ltr'>licuit</span> <span class='ocrx_word' id='word_1_237' title='bbox 1098 4075 1227 4130; x_wconf 85' lang='lat' dir='ltr'>eorum</span> <span class='ocrx_word' id='word_1_238' title='bbox 1260 4076 1356 4149; x_wconf 87' lang='lat' dir='ltr'>quos</span> 
     </span>
    </p>

    <p class='ocr_par' dir='ltr' id='par_1_7' title="bbox 262 4165 1353 4265">
     <span class='ocr_line' id='line_1_35' title="bbox 262 4165 1353 4265; baseline 0.001 -25"><span class='ocrx_word' id='word_1_239' title='bbox 262 4165 429 4241; x_wconf 64' lang='lat' dir='ltr'>&amp;centes</span> <span class='ocrx_word' id='word_1_240' title='bbox 455 4166 545 4248; x_wconf 82' lang='lat' dir='ltr'>seuit</span> <span class='ocrx_word' id='word_1_241' title='bbox 569 4168 701 4246; x_wconf 79' lang='lat' dir='ltr'>iielerre</span> <span class='ocrx_word' id='word_1_242' title='bbox 730 4167 852 4254; x_wconf 81' lang='grc'><strong>111111,</strong></span> <span class='ocrx_word' id='word_1_243' title='bbox 880 4177 919 4242; x_wconf 86' lang='lat' dir='ltr'>et</span> <span class='ocrx_word' id='word_1_244' title='bbox 951 4169 1148 4256; x_wconf 84' lang='lat' dir='ltr'>orationes,</span> <span class='ocrx_word' id='word_1_245' title='bbox 1173 4168 1353 4265; x_wconf 87' lang='lat' dir='ltr'>quemad-</span> 
     </span>
    </p>
   </div>
   <div class='ocr_carea' id='block_1_3' title="bbox 0 0 1476 4750">
    <p class='ocr_par' dir='ltr' id='par_1_8' title="bbox 0 0 1476 4750">
     <span class='ocr_line' id='line_1_36' title="bbox 0 0 1476 4750; baseline 0 3"><span class='ocrx_word' id='word_1_246' title='bbox 0 0 1476 4750; x_wconf 95' lang='lat' dir='ltr'> </span> 
     </span>
    </p>
   </div>
  </div>
 </body>
</html>
