<?xml version="1.0" encoding="UTF-8"?>
<!DOCTYPE html PUBLIC "-//W3C//DTD XHTML 1.0 Transitional//EN"
    "http://www.w3.org/TR/xhtml1/DTD/xhtml1-transitional.dtd">
<html xmlns="http://www.w3.org/1999/xhtml" xml:lang="en" lang="en">
 <head>
  <title>
</title>
<meta http-equiv="Content-Type" content="text/html;charset=utf-8" />
  <meta name='ocr-system' content='tesseract 3.04.00' />
  <meta name='ocr-capabilities' content='ocr_page ocr_carea ocr_par ocr_line ocrx_word'/>
</head>
<body>
  <div class='ocr_page' id='page_1' title='image "./tliviipatavinih05crevgoog/tliviipatavinih05crevgoog_0158.png"; bbox 0 0 2942 4750; ppageno 0'>
   <div class='ocr_carea' id='block_1_1' title="bbox 283 199 942 262">
    <p class='ocr_par' dir='ltr' id='par_1_1' title="bbox 283 199 942 262">
     <span class='ocr_line' id='line_1_1' title="bbox 283 199 942 262; baseline -0.002 -1"><span class='ocrx_word' id='word_1_1' title='bbox 283 206 340 262; x_wconf 72' lang='lat' dir='ltr'>lca</span> <span class='ocrx_word' id='word_1_2' title='bbox 675 201 782 262; x_wconf 87' lang='grc' dir='ltr'>ΤΙΤΙ</span> <span class='ocrx_word' id='word_1_3' title='bbox 809 199 942 261; x_wconf 89' lang='lat' dir='ltr'>le11</span> 
     </span>
    </p>
   </div>
   <div class='ocr_carea' id='block_1_2' title="bbox 124 362 1456 956">
    <p class='ocr_par' dir='ltr' id='par_1_2' title="bbox 124 362 1456 956">
     <span class='ocr_line' id='line_1_2' title="bbox 124 362 1456 460; baseline -0.003 -30"><span class='ocrx_word' id='word_1_4' title='bbox 124 382 260 430; x_wconf 45' lang='lat' dir='ltr'>ucoca</span> <span class='ocrx_word' id='word_1_5' title='bbox 285 377 316 430; x_wconf 89' lang='lat' dir='ltr'>et</span> <span class='ocrx_word' id='word_1_6' title='bbox 343 362 481 442; x_wconf 84' lang='lat' dir='ltr'>Bellum,</span> <span class='ocrx_word' id='word_1_7' title='bbox 506 364 664 449; x_wconf 76' lang='lat' dir='ltr'><strong>principes</strong></span> <span class='ocrx_word' id='word_1_8' title='bbox 684 366 799 452; x_wconf 81' lang='lat' dir='ltr'>gentis,</span> <span class='ocrx_word' id='word_1_9' title='bbox 817 386 875 450; x_wconf 87' lang='lat' dir='ltr'>per</span> <span class='ocrx_word' id='word_1_10' title='bbox 896 386 975 451; x_wconf 85' lang='lat' dir='ltr'>quoa</span> <span class='ocrx_word' id='word_1_11' title='bbox 997 363 1139 428; x_wconf 78' lang='lat' dir='ltr'>inducias</span> <span class='ocrx_word' id='word_1_12' title='bbox 1160 372 1292 446; x_wconf 85' lang='lat' dir='ltr'>peteret,</span> <span class='ocrx_word' id='word_1_13' title='bbox 1316 373 1355 460; x_wconf 65' lang='lat' dir='ltr'>pt</span> <span class='ocrx_word' id='word_1_14' title='bbox 1391 437 1396 446; x_wconf 78' lang='lat'><em>,</em></span> <span class='ocrx_word' id='word_1_15' title='bbox 1448 397 1456 412; x_wconf 83' lang='lat'>·</span> 
     </span>
     <span class='ocr_line' id='line_1_3' title="bbox 125 447 1348 534; baseline -0.002 -18"><span class='ocrx_word' id='word_1_16' title='bbox 125 447 261 496; x_wconf 47' lang='lat'>*0¹⁶⁸-</span> <span class='ocrx_word' id='word_1_17' title='bbox 285 451 461 516; x_wconf 87' lang='lat' dir='ltr'>deliberare</span> <span class='ocrx_word' id='word_1_18' title='bbox 482 451 523 514; x_wconf 88' lang='lat' dir='ltr'>de</span> <span class='ocrx_word' id='word_1_19' title='bbox 544 461 625 514; x_wconf 85' lang='lat' dir='ltr'>statu</span> <span class='ocrx_word' id='word_1_20' title='bbox 648 472 755 514; x_wconf 89' lang='lat' dir='ltr'>rerum</span> <span class='ocrx_word' id='word_1_21' title='bbox 778 472 908 515; x_wconf 90' lang='lat' dir='ltr'>suarum</span> <span class='ocrx_word' id='word_1_22' title='bbox 926 463 1041 534; x_wconf 86' lang='lat' dir='ltr'>posset.</span> <span class='ocrx_word' id='word_1_23' title='bbox 1086 449 1241 514; x_wconf 87' lang='lat' dir='ltr'>Triduo&#39;</span> <span class='ocrx_word' id='word_1_24' title='bbox 1286 449 1348 528; x_wconf 64' lang='lat' dir='ltr'>&#39;ue</span> 
     </span>
     <span class='ocr_line' id='line_1_4' title="bbox 286 469 1355 623; baseline -0.003 -21"><span class='ocrx_word' id='word_1_25' title='bbox 286 539 373 619; x_wconf 86' lang='lat' dir='ltr'>dato,</span> <span class='ocrx_word' id='word_1_26' title='bbox 402 558 500 622; x_wconf 87' lang='lat' dir='ltr'>quum</span> <span class='ocrx_word' id='word_1_27' title='bbox 529 548 631 600; x_wconf 87' lang='lat' dir='ltr'>castra</span> <span class='ocrx_word' id='word_1_28' title='bbox 662 537 808 600; x_wconf 87' lang='lat' dir='ltr'>Romana</span> <span class='ocrx_word' id='word_1_29' title='bbox 836 538 1027 623; x_wconf 82' lang='lat' dir='ltr'>quingentos</span> <span class='ocrx_word' id='word_1_30' title='bbox 1051 539 1152 600; x_wconf 86' lang='lat' dir='ltr'>ferme</span> <span class='ocrx_word' id='word_1_31' title='bbox 1177 469 1355 619; x_wconf 50' lang='lat' dir='ltr'>paslsbiidb</span> 
     </span>
     <span class='ocr_line' id='line_1_5' title="bbox 286 619 1356 699; baseline -0.004 -13"><span class='ocrx_word' id='word_1_32' title='bbox 286 626 365 688; x_wconf 91' lang='lat' dir='ltr'>urbe</span> <span class='ocrx_word' id='word_1_33' title='bbox 380 623 531 697; x_wconf 89' lang='lat' dir='ltr'>abessent,</span> <span class='ocrx_word' id='word_1_34' title='bbox 550 643 660 686; x_wconf 86' lang='lat' dir='ltr'>navem</span> <span class='ocrx_word' id='word_1_35' title='bbox 679 621 870 699; x_wconf 80' lang='lat' dir='ltr'>conscendit,</span> <span class='ocrx_word' id='word_1_36' title='bbox 887 634 919 686; x_wconf 89' lang='lat' dir='ltr'>ct</span> <span class='ocrx_word' id='word_1_37' title='bbox 938 622 1070 685; x_wconf 90' lang='lat' dir='ltr'>flumine</span> <span class='ocrx_word' id='word_1_38' title='bbox 1093 619 1241 686; x_wconf 84' lang='lat' dir='ltr'>Barbana</span> <span class='ocrx_word' id='word_1_39' title='bbox 1260 621 1356 684; x_wconf 83' lang='lat' dir='ltr'>navi·</span> 
     </span>
     <span class='ocr_line' id='line_1_6' title="bbox 285 706 1356 797; baseline -0.005 -24"><span class='ocrx_word' id='word_1_40' title='bbox 285 722 341 797; x_wconf 79' lang='lat' dir='ltr'>gat</span> <span class='ocrx_word' id='word_1_41' title='bbox 362 709 395 770; x_wconf 92' lang='lat' dir='ltr'>in</span> <span class='ocrx_word' id='word_1_42' title='bbox 418 707 521 770; x_wconf 90' lang='lat' dir='ltr'>lacum</span> <span class='ocrx_word' id='word_1_43' title='bbox 547 706 732 784; x_wconf 89' lang='lat' dir='ltr'>Labeatum,</span> <span class='ocrx_word' id='word_1_44' title='bbox 761 708 847 772; x_wconf 81' lang='lat' dir='ltr'>velut</span> <span class='ocrx_word' id='word_1_45' title='bbox 868 720 1022 771; x_wconf 87' lang='lat' dir='ltr'>secretum</span> <span class='ocrx_word' id='word_1_46' title='bbox 1044 708 1149 771; x_wconf 92' lang='lat' dir='ltr'>locum</span> <span class='ocrx_word' id='word_1_47' title='bbox 1171 719 1280 790; x_wconf 88' lang='lat' dir='ltr'>petens</span> <span class='ocrx_word' id='word_1_48' title='bbox 1310 706 1356 769; x_wconf 87' lang='lat' dir='ltr'>ad</span> 
     </span>
     <span class='ocr_line' id='line_1_7' title="bbox 286 791 1354 879; baseline -0.002 -21"><span class='ocrx_word' id='word_1_49' title='bbox 286 791 528 858; x_wconf 88' lang='lat' dir='ltr'>consultandum</span> <span class='ocrx_word' id='word_1_50' title='bbox 540 816 549 868; x_wconf 73' lang='grc' dir='ltr'><strong><em>ς</em></strong></span> <span class='ocrx_word' id='word_1_51' title='bbox 572 793 637 870; x_wconf 93' lang='lat' dir='ltr'>sed,</span> <span class='ocrx_word' id='word_1_52' title='bbox 655 808 690 858; x_wconf 93' lang='lat' dir='ltr'>ut</span> <span class='ocrx_word' id='word_1_53' title='bbox 704 794 863 879; x_wconf 76' lang='lat' dir='ltr'>adparuit,</span> <span class='ocrx_word' id='word_1_54' title='bbox 877 793 956 857; x_wconf 83' lang='lat' dir='ltr'>falsa</span> <span class='ocrx_word' id='word_1_55' title='bbox 970 816 1024 877; x_wconf 89' lang='lat' dir='ltr'>spe</span> <span class='ocrx_word' id='word_1_56' title='bbox 1038 794 1172 869; x_wconf 85' lang='lat' dir='ltr'>excitus,</span> <span class='ocrx_word' id='word_1_57' title='bbox 1190 793 1354 856; x_wconf 82' lang='lat' dir='ltr'>Caravan-</span> 
     </span>
     <span class='ocr_line' id='line_1_8' title="bbox 287 878 1355 956; baseline -0.001 -14"><span class='ocrx_word' id='word_1_58' title='bbox 287 882 366 942; x_wconf 92' lang='lat' dir='ltr'>tium</span> <span class='ocrx_word' id='word_1_59' title='bbox 394 878 535 956; x_wconf 85' lang='lat' dir='ltr'>fratrem,</span> <span class='ocrx_word' id='word_1_60' title='bbox 557 880 694 943; x_wconf 79' lang='lat' dir='ltr'>⁷⁰multis</span> <span class='ocrx_word' id='word_1_61' title='bbox 724 879 864 943; x_wconf 89' lang='lat' dir='ltr'>millibus</span> <span class='ocrx_word' id='word_1_62' title='bbox 893 893 1087 944; x_wconf 85' lang='lat' dir='ltr'>armatorum</span> <span class='ocrx_word' id='word_1_63' title='bbox 1114 881 1191 942; x_wconf 89' lang='lat' dir='ltr'>actis</span> <span class='ocrx_word' id='word_1_64' title='bbox 1211 880 1283 940; x_wconf 83' lang='lat' dir='ltr'>’&#39;ex</span> <span class='ocrx_word' id='word_1_65' title='bbox 1313 900 1355 941; x_wconf 89' lang='lat' dir='ltr'>ea</span> 
     </span>
    </p>
   </div>
   <div class='ocr_carea' id='block_1_3' title="bbox 285 964 1457 1051">
    <p class='ocr_par' dir='ltr' id='par_1_3' title="bbox 285 964 1457 1051">
     <span class='ocr_line' id='line_1_9' title="bbox 285 964 1457 1051; baseline -0.001 -23"><span class='ocrx_word' id='word_1_66' title='bbox 285 964 426 1050; x_wconf 82' lang='lat' dir='ltr'>regione,</span> <span class='ocrx_word' id='word_1_67' title='bbox 456 964 490 1026; x_wconf 91' lang='lat' dir='ltr'>iu</span> <span class='ocrx_word' id='word_1_68' title='bbox 514 987 610 1051; x_wconf 89' lang='lat' dir='ltr'>quam</span> <span class='ocrx_word' id='word_1_69' title='bbox 640 966 752 1030; x_wconf 90' lang='lat' dir='ltr'>missus</span> <span class='ocrx_word' id='word_1_70' title='bbox 782 978 860 1042; x_wconf 87' lang='lat' dir='ltr'>erat,</span> <span class='ocrx_word' id='word_1_71' title='bbox 883 966 1063 1030; x_wconf 88' lang='lat' dir='ltr'>adventare.</span> <span class='ocrx_word' id='word_1_72' title='bbox 1097 965 1151 1050; x_wconf 89' lang='lat' dir='ltr'>qui</span> <span class='ocrx_word' id='word_1_73' title='bbox 1181 975 1353 1049; x_wconf 89' lang='lat' dir='ltr'>postquam</span> <span class='ocrx_word' id='word_1_74' title='bbox 1456 1005 1457 1010; x_wconf 23' lang='grc' dir='ltr'><strong><em>κ</em></strong></span> 
     </span>
    </p>
   </div>
   <div class='ocr_carea' id='block_1_4' title="bbox 285 1050 1353 1134">
    <p class='ocr_par' dir='ltr' id='par_1_4' title="bbox 285 1050 1353 1134">
     <span class='ocr_line' id='line_1_10' title="bbox 285 1050 1353 1134; baseline -0.001 -22"><span class='ocrx_word' id='word_1_75' title='bbox 285 1051 413 1113; x_wconf 86' lang='lat' dir='ltr'>evannit</span> <span class='ocrx_word' id='word_1_76' title='bbox 428 1072 547 1128; x_wconf 89' lang='lat' dir='ltr'>rumor,</span> <span class='ocrx_word' id='word_1_77' title='bbox 563 1052 657 1114; x_wconf 90' lang='lat' dir='ltr'>tertio</span> <span class='ocrx_word' id='word_1_78' title='bbox 672 1065 743 1134; x_wconf 91' lang='lat' dir='ltr'>post</span> <span class='ocrx_word' id='word_1_79' title='bbox 761 1051 812 1114; x_wconf 90' lang='lat' dir='ltr'>die</span> <span class='ocrx_word' id='word_1_80' title='bbox 827 1073 936 1115; x_wconf 87' lang='lat' dir='ltr'>navem</span> <span class='ocrx_word' id='word_1_81' title='bbox 953 1053 1094 1115; x_wconf 89' lang='lat' dir='ltr'>eamdem</span> <span class='ocrx_word' id='word_1_82' title='bbox 1110 1051 1248 1114; x_wconf 87' lang='lat' dir='ltr'>secundo</span> <span class='ocrx_word' id='word_1_83' title='bbox 1263 1050 1353 1112; x_wconf 89' lang='lat' dir='ltr'>amni</span> 
     </span>
    </p>
   </div>
   <div class='ocr_carea' id='block_1_5' title="bbox 287 1133 1457 1224">
    <p class='ocr_par' dir='ltr' id='par_1_5' title="bbox 287 1133 1457 1224">
     <span class='ocr_line' id='line_1_11' title="bbox 287 1133 1457 1224; baseline -0.003 -23"><span class='ocrx_word' id='word_1_84' title='bbox 287 1135 440 1201; x_wconf 81' lang='lat' dir='ltr'>Scodram</span> <span class='ocrx_word' id='word_1_85' title='bbox 463 1136 606 1201; x_wconf 83' lang='lat' dir='ltr'>demisit:</span> <span class='ocrx_word' id='word_1_86' title='bbox 654 1138 862 1221; x_wconf 84' lang='lat' dir='ltr'>raemissisque</span> <span class='ocrx_word' id='word_1_87' title='bbox 883 1138 1017 1213; x_wconf 87' lang='lat' dir='ltr'>nunciis,</span> <span class='ocrx_word' id='word_1_88' title='bbox 1034 1151 1068 1200; x_wconf 90' lang='lat' dir='ltr'>ut</span> <span class='ocrx_word' id='word_1_89' title='bbox 1090 1139 1148 1199; x_wconf 89' lang='lat' dir='ltr'>sibi</span> <span class='ocrx_word' id='word_1_90' title='bbox 1170 1133 1354 1218; x_wconf 84' lang='lat' dir='ltr'>adpellandi</span> <span class='ocrx_word' id='word_1_91' title='bbox 1454 1215 1457 1224; x_wconf 33' lang='grc'>1</span> 
     </span>
    </p>
   </div>
   <div class='ocr_carea' id='block_1_6' title="bbox 124 1220 1354 2251">
    <p class='ocr_par' dir='ltr' id='par_1_6' title="bbox 124 1220 1354 1308">
     <span class='ocr_line' id='line_1_12' title="bbox 124 1220 1354 1308; baseline -0.002 -22"><span class='ocrx_word' id='word_1_92' title='bbox 124 1252 262 1299; x_wconf 58' lang='lat' dir='ltr'>0„st„oe</span> <span class='ocrx_word' id='word_1_93' title='bbox 285 1226 430 1308; x_wconf 79' lang='lat' dir='ltr'>praetoris</span> <span class='ocrx_word' id='word_1_94' title='bbox 459 1236 597 1306; x_wconf 87' lang='lat' dir='ltr'>potestas</span> <span class='ocrx_word' id='word_1_95' title='bbox 643 1234 720 1302; x_wconf 86' lang='lat' dir='ltr'>eret,</span> <span class='ocrx_word' id='word_1_96' title='bbox 750 1223 843 1307; x_wconf 89' lang='lat' dir='ltr'>copia</span> <span class='ocrx_word' id='word_1_97' title='bbox 869 1221 962 1299; x_wconf 85' lang='lat' dir='ltr'>facta,</span> <span class='ocrx_word' id='word_1_98' title='bbox 987 1224 1020 1285; x_wconf 89' lang='lat' dir='ltr'>in</span> <span class='ocrx_word' id='word_1_99' title='bbox 1043 1239 1144 1286; x_wconf 88' lang='lat' dir='ltr'>castra</span> <span class='ocrx_word' id='word_1_100' title='bbox 1166 1222 1259 1284; x_wconf 82' lang='lat' dir='ltr'>venit</span> <span class='ocrx_word' id='word_1_101' title='bbox 1306 1220 1354 1284; x_wconf 87' lang='lat' dir='ltr'>Et</span> 
     </span>
    </p>

    <p class='ocr_par' dir='ltr' id='par_1_7' title="bbox 125 1309 1351 1393">
     <span class='ocr_line' id='line_1_13' title="bbox 125 1309 1351 1393; baseline -0.004 -20"><span class='ocrx_word' id='word_1_102' title='bbox 125 1317 198 1362; x_wconf 76' lang='lat' dir='ltr'>dedit.</span> <span class='ocrx_word' id='word_1_103' title='bbox 286 1310 478 1393; x_wconf 90' lang='lat' dir='ltr'>principium</span> <span class='ocrx_word' id='word_1_104' title='bbox 504 1311 657 1373; x_wconf 88' lang='lat' dir='ltr'>orationis</span> <span class='ocrx_word' id='word_1_105' title='bbox 687 1309 728 1373; x_wconf 91' lang='lat' dir='ltr'>ab</span> <span class='ocrx_word' id='word_1_106' title='bbox 757 1311 957 1372; x_wconf 75' lang='lat' dir='ltr'>accusatione</span> <span class='ocrx_word' id='word_1_107' title='bbox 984 1309 1128 1372; x_wconf 81' lang='lat' dir='ltr'>stultitiae</span> <span class='ocrx_word' id='word_1_108' title='bbox 1151 1328 1242 1370; x_wconf 86' lang='lat' dir='ltr'>orans</span> <span class='ocrx_word' id='word_1_109' title='bbox 1271 1328 1351 1384; x_wconf 70' lang='lat' dir='ltr'>suae,</span> 
     </span>
    </p>

    <p class='ocr_par' dir='ltr' id='par_1_8' title="bbox 285 1393 1352 1480">
     <span class='ocr_line' id='line_1_14' title="bbox 285 1393 1352 1480; baseline -0.004 -21"><span class='ocrx_word' id='word_1_110' title='bbox 285 1410 448 1480; x_wconf 90' lang='lat' dir='ltr'>postremo</span> <span class='ocrx_word' id='word_1_111' title='bbox 474 1396 514 1458; x_wconf 88' lang='lat' dir='ltr'>nd</span> <span class='ocrx_word' id='word_1_112' title='bbox 535 1417 645 1480; x_wconf 84' lang='lat' dir='ltr'>preces</span> <span class='ocrx_word' id='word_1_113' title='bbox 668 1395 875 1479; x_wconf 82' lang='lat' dir='ltr'>lacrimasque</span> <span class='ocrx_word' id='word_1_114' title='bbox 899 1394 1026 1471; x_wconf 81' lang='lat' dir='ltr'>effiisus,</span> <span class='ocrx_word' id='word_1_115' title='bbox 1050 1393 1184 1479; x_wconf 75' lang='lat' dir='ltr'>genibus</span> <span class='ocrx_word' id='word_1_116' title='bbox 1205 1393 1352 1476; x_wconf 77' lang='lat' dir='ltr'>praetoris</span> 
     </span>
    </p>

    <p class='ocr_par' dir='ltr' id='par_1_9' title="bbox 286 1479 1350 1563">
     <span class='ocr_line' id='line_1_15' title="bbox 286 1479 1350 1563; baseline -0.005 -18"><span class='ocrx_word' id='word_1_117' title='bbox 286 1480 442 1556; x_wconf 86' lang='lat' dir='ltr'>accidens,</span> <span class='ocrx_word' id='word_1_118' title='bbox 459 1483 491 1544; x_wconf 90' lang='lat' dir='ltr'>in</span> <span class='ocrx_word' id='word_1_119' title='bbox 511 1494 698 1563; x_wconf 87' lang='lat' dir='ltr'>potestatem</span> <span class='ocrx_word' id='word_1_120' title='bbox 715 1503 780 1543; x_wconf 87' lang='lat' dir='ltr'>sese</span> <span class='ocrx_word' id='word_1_121' title='bbox 795 1480 890 1543; x_wconf 80' lang='lat' dir='ltr'>dedit.</span> <span class='ocrx_word' id='word_1_122' title='bbox 935 1479 1055 1559; x_wconf 90' lang='lat' dir='ltr'>Primo,</span> <span class='ocrx_word' id='word_1_123' title='bbox 1071 1479 1191 1543; x_wconf 91' lang='lat' dir='ltr'>bonum</span> <span class='ocrx_word' id='word_1_124' title='bbox 1207 1480 1350 1541; x_wconf 87' lang='lat' dir='ltr'>animum</span> 
     </span>
    </p>

    <p class='ocr_par' dir='ltr' id='par_1_10' title="bbox 287 1564 1352 1651">
     <span class='ocr_line' id='line_1_16' title="bbox 287 1564 1352 1651; baseline -0.001 -22"><span class='ocrx_word' id='word_1_125' title='bbox 287 1567 404 1631; x_wconf 88' lang='lat' dir='ltr'>habere</span> <span class='ocrx_word' id='word_1_126' title='bbox 413 1568 529 1651; x_wconf 87' lang='lat' dir='ltr'>jussus,</span> <span class='ocrx_word' id='word_1_127' title='bbox 546 1566 583 1629; x_wconf 86' lang='lat' dir='ltr'>ad</span> <span class='ocrx_word' id='word_1_128' title='bbox 599 1588 725 1629; x_wconf 86' lang='lat' dir='ltr'>coenam</span> <span class='ocrx_word' id='word_1_129' title='bbox 742 1566 838 1629; x_wconf 87' lang='lat' dir='ltr'>etiam</span> <span class='ocrx_word' id='word_1_130' title='bbox 856 1566 1016 1644; x_wconf 83' lang='lat' dir='ltr'>invitatus,</span> <span class='ocrx_word' id='word_1_131' title='bbox 1032 1567 1064 1628; x_wconf 90' lang='lat' dir='ltr'>in</span> <span class='ocrx_word' id='word_1_132' title='bbox 1080 1567 1191 1629; x_wconf 82' lang='lat' dir='ltr'>urbem</span> <span class='ocrx_word' id='word_1_133' title='bbox 1214 1564 1253 1626; x_wconf 89' lang='lat' dir='ltr'>ad</span> <span class='ocrx_word' id='word_1_134' title='bbox 1276 1585 1352 1628; x_wconf 86' lang='lat' dir='ltr'>suos</span> 
     </span>
    </p>

    <p class='ocr_par' dir='ltr' id='par_1_11' title="bbox 284 1648 1352 1735">
     <span class='ocr_line' id='line_1_17' title="bbox 284 1648 1352 1735; baseline -0.003 -19"><span class='ocrx_word' id='word_1_135' title='bbox 284 1654 387 1728; x_wconf 87' lang='lat' dir='ltr'>rediit,</span> <span class='ocrx_word' id='word_1_136' title='bbox 404 1666 435 1716; x_wconf 89' lang='lat' dir='ltr'>ct</span> <span class='ocrx_word' id='word_1_137' title='bbox 456 1673 530 1716; x_wconf 91' lang='lat' dir='ltr'>cum</span> <span class='ocrx_word' id='word_1_138' title='bbox 550 1665 689 1734; x_wconf 71' lang='lat' dir='ltr'>praetore</span> <span class='ocrx_word' id='word_1_139' title='bbox 710 1673 749 1713; x_wconf 91' lang='lat' dir='ltr'>eo</span> <span class='ocrx_word' id='word_1_140' title='bbox 769 1651 822 1714; x_wconf 92' lang='lat' dir='ltr'>die</span> <span class='ocrx_word' id='word_1_141' title='bbox 843 1651 1019 1715; x_wconf 86' lang='lat' dir='ltr'>honorifice</span> <span class='ocrx_word' id='word_1_142' title='bbox 1040 1663 1087 1714; x_wconf 90' lang='lat' dir='ltr'>est</span> <span class='ocrx_word' id='word_1_143' title='bbox 1107 1653 1271 1735; x_wconf 75' lang='lat' dir='ltr'>epulatus:</span> <span class='ocrx_word' id='word_1_144' title='bbox 1293 1648 1352 1713; x_wconf 88' lang='lat' dir='ltr'>de·</span> 
     </span>
    </p>

    <p class='ocr_par' dir='ltr' id='par_1_12' title="bbox 285 1735 1351 1812">
     <span class='ocr_line' id='line_1_18' title="bbox 285 1735 1351 1812; baseline -0.004 -10"><span class='ocrx_word' id='word_1_145' title='bbox 285 1738 359 1803; x_wconf 90' lang='lat' dir='ltr'>inde</span> <span class='ocrx_word' id='word_1_146' title='bbox 375 1740 407 1802; x_wconf 89' lang='lat' dir='ltr'>in</span> <span class='ocrx_word' id='word_1_147' title='bbox 423 1736 599 1801; x_wconf 86' lang='lat' dir='ltr'>custodiam</span> <span class='ocrx_word' id='word_1_148' title='bbox 616 1737 654 1801; x_wconf 89' lang='lat' dir='ltr'>C.</span> <span class='ocrx_word' id='word_1_149' title='bbox 672 1737 783 1800; x_wconf 91' lang='lat' dir='ltr'>Cassio</span> <span class='ocrx_word' id='word_1_150' title='bbox 805 1737 934 1801; x_wconf 90' lang='lat' dir='ltr'>tribuno</span> <span class='ocrx_word' id='word_1_151' title='bbox 951 1737 1086 1800; x_wconf 91' lang='lat' dir='ltr'>militum</span> <span class='ocrx_word' id='word_1_152' title='bbox 1101 1736 1245 1812; x_wconf 82' lang='lat' dir='ltr'>traditus,</span> <span class='ocrx_word' id='word_1_153' title='bbox 1262 1738 1283 1771; x_wconf 82' lang='lat'>⁷²</span> <span class='ocrx_word' id='word_1_154' title='bbox 1294 1735 1351 1798; x_wconf 84' lang='lat' dir='ltr'>rix</span> 
     </span>
    </p>

    <p class='ocr_par' dir='ltr' id='par_1_13' title="bbox 284 1822 1349 1979">
     <span class='ocr_line' id='line_1_19' title="bbox 284 1822 1349 1971; baseline -0.002 -84"><span class='ocrx_word' id='word_1_155' title='bbox 284 1825 474 1971; x_wconf 40' lang='lat' dir='ltr'>gladiatorio</span> <span class='ocrx_word' id='word_1_156' title='bbox 495 1835 626 1907; x_wconf 89' lang='lat' dir='ltr'>accepto</span> <span class='ocrx_word' id='word_1_157' title='bbox 646 1823 756 1886; x_wconf 86' lang='lat' dir='ltr'>decem</span> <span class='ocrx_word' id='word_1_158' title='bbox 778 1822 903 1886; x_wconf 88' lang='lat' dir='ltr'>talentis</span> <span class='ocrx_word' id='word_1_159' title='bbox 924 1822 965 1886; x_wconf 86' lang='lat' dir='ltr'>ab</span> <span class='ocrx_word' id='word_1_160' title='bbox 986 1844 1061 1909; x_wconf 78' lang='lat' dir='ltr'>rege</span> <span class='ocrx_word' id='word_1_161' title='bbox 1082 1844 1149 1899; x_wconf 83' lang='lat' dir='ltr'>rex,</span> <span class='ocrx_word' id='word_1_162' title='bbox 1165 1833 1202 1884; x_wconf 91' lang='lat' dir='ltr'>ut</span> <span class='ocrx_word' id='word_1_163' title='bbox 1223 1825 1255 1884; x_wconf 91' lang='lat' dir='ltr'>in</span> <span class='ocrx_word' id='word_1_164' title='bbox 1276 1843 1349 1885; x_wconf 88' lang='lat' dir='ltr'>eam</span> 
     </span>
     <span class='ocr_line' id='line_1_20' title="bbox 297 1909 1003 1979; baseline -0.003 -7"><span class='ocrx_word' id='word_1_165' title='bbox 297 1924 444 1973; x_wconf 85' lang='lat' dir='ltr'>ortanam</span> <span class='ocrx_word' id='word_1_166' title='bbox 460 1909 623 1974; x_wconf 89' lang='lat' dir='ltr'>recideret.</span> <span class='ocrx_word' id='word_1_167' title='bbox 929 1974 932 1979; x_wconf 71' lang='grc'><strong>,</strong></span> <span class='ocrx_word' id='word_1_168' title='bbox 999 1924 1003 1930; x_wconf 87' lang='grc'><strong>’</strong></span> 
     </span>
    </p>

    <p class='ocr_par' dir='ltr' id='par_1_14' title="bbox 328 1993 1349 2079">
     <span class='ocr_line' id='line_1_21' title="bbox 328 1993 1349 2079; baseline 0.002 -23"><span class='ocrx_word' id='word_1_169' title='bbox 328 1995 479 2058; x_wconf 86' lang='lat' dir='ltr'><strong>XXXII.</strong></span> <span class='ocrx_word' id='word_1_170' title='bbox 521 1994 663 2071; x_wconf 87' lang='lat' dir='ltr'>Anicius,</span> <span class='ocrx_word' id='word_1_171' title='bbox 695 1996 816 2058; x_wconf 83' lang='lat' dir='ltr'>Scodra</span> <span class='ocrx_word' id='word_1_172' title='bbox 845 2008 981 2078; x_wconf 88' lang='lat' dir='ltr'>recepta,</span> <span class='ocrx_word' id='word_1_173' title='bbox 1012 1996 1092 2060; x_wconf 90' lang='lat' dir='ltr'>nibil</span> <span class='ocrx_word' id='word_1_174' title='bbox 1126 1993 1224 2078; x_wconf 90' lang='lat' dir='ltr'>prius,</span> <span class='ocrx_word' id='word_1_175' title='bbox 1251 2015 1349 2079; x_wconf 88' lang='lat' dir='ltr'>quam</span> 
     </span>
    </p>

    <p class='ocr_par' dir='ltr' id='par_1_15' title="bbox 285 2079 1349 2167">
     <span class='ocr_line' id='line_1_22' title="bbox 285 2079 1349 2167; baseline 0.003 -26"><span class='ocrx_word' id='word_1_176' title='bbox 285 2079 453 2162; x_wconf 81' lang='lat' dir='ltr'>requisitos</span> <span class='ocrx_word' id='word_1_177' title='bbox 464 2080 623 2143; x_wconf 90' lang='lat' dir='ltr'>Petillium</span> <span class='ocrx_word' id='word_1_178' title='bbox 640 2081 899 2166; x_wconf 84' lang='lat' dir='ltr'>Perpernamque</span> <span class='ocrx_word' id='word_1_179' title='bbox 915 2083 1033 2167; x_wconf 83' lang='lat' dir='ltr'>legatos</span> <span class='ocrx_word' id='word_1_180' title='bbox 1048 2083 1086 2146; x_wconf 89' lang='lat' dir='ltr'>ad</span> <span class='ocrx_word' id='word_1_181' title='bbox 1102 2082 1233 2157; x_wconf 86' lang='lat' dir='ltr'>seduci,</span> <span class='ocrx_word' id='word_1_182' title='bbox 1245 2081 1349 2166; x_wconf 77' lang='lat' dir='ltr'>jussit</span> 
     </span>
    </p>

    <p class='ocr_par' dir='ltr' id='par_1_16' title="bbox 285 2162 1352 2251">
     <span class='ocr_line' id='line_1_23' title="bbox 285 2162 1352 2251; baseline 0.005 -27"><span class='ocrx_word' id='word_1_183' title='bbox 285 2162 400 2248; x_wconf 91' lang='lat' dir='ltr'>quibus</span> <span class='ocrx_word' id='word_1_184' title='bbox 415 2164 583 2247; x_wconf 85' lang='lat' dir='ltr'>splendore</span> <span class='ocrx_word' id='word_1_185' title='bbox 605 2189 663 2230; x_wconf 90' lang='lat' dir='ltr'>suo</span> <span class='ocrx_word' id='word_1_186' title='bbox 685 2169 840 2247; x_wconf 85' lang='lat' dir='ltr'>restituto,</span> <span class='ocrx_word' id='word_1_187' title='bbox 859 2168 1051 2250; x_wconf 87' lang='lat' dir='ltr'>Perpernam</span> <span class='ocrx_word' id='word_1_188' title='bbox 1073 2167 1232 2251; x_wconf 80' lang='lat' dir='ltr'>extemplo</span> <span class='ocrx_word' id='word_1_189' title='bbox 1254 2166 1352 2229; x_wconf 90' lang='lat' dir='ltr'>mittit</span> 
     </span>
    </p>
   </div>
   <div class='ocr_carea' id='block_1_7' title="bbox 123 2248 1459 2339">
    <p class='ocr_par' dir='ltr' id='par_1_17' title="bbox 123 2248 1459 2339">
     <span class='ocr_line' id='line_1_24' title="bbox 123 2248 1459 2339; baseline 0.001 -26"><span class='ocrx_word' id='word_1_190' title='bbox 123 2267 258 2325; x_wconf 78' lang='lat' dir='ltr'>eapiunun</span> <span class='ocrx_word' id='word_1_191' title='bbox 285 2248 324 2312; x_wconf 87' lang='lat' dir='ltr'>ad</span> <span class='ocrx_word' id='word_1_192' title='bbox 348 2250 662 2334; x_wconf 87' lang='lat' dir='ltr'>comprehendendos</span> <span class='ocrx_word' id='word_1_193' title='bbox 685 2254 803 2316; x_wconf 85' lang='lat' dir='ltr'>amicos</span> <span class='ocrx_word' id='word_1_194' title='bbox 824 2265 1038 2339; x_wconf 71' lang='lat' dir='ltr'>cognatosque</span> <span class='ocrx_word' id='word_1_195' title='bbox 1059 2254 1158 2338; x_wconf 83' lang='lat' dir='ltr'>regis:</span> <span class='ocrx_word' id='word_1_196' title='bbox 1185 2253 1251 2337; x_wconf 82' lang='lat' dir='ltr'>qui,</span> <span class='ocrx_word' id='word_1_197' title='bbox 1275 2251 1349 2315; x_wconf 86' lang='lat' dir='ltr'>Me·</span> <span class='ocrx_word' id='word_1_198' title='bbox 1453 2282 1459 2297; x_wconf 93' lang='lat'>·</span> 
     </span>
    </p>
   </div>
   <div class='ocr_carea' id='block_1_8' title="bbox 122 2330 1413 3084">
    <p class='ocr_par' dir='ltr' id='par_1_18' title="bbox 122 2330 1413 3084">
     <span class='ocr_line' id='line_1_25' title="bbox 123 2330 1347 2426; baseline 0.002 -26"><span class='ocrx_word' id='word_1_199' title='bbox 123 2330 266 2408; x_wconf 54' lang='lat' dir='ltr'>watin-</span> <span class='ocrx_word' id='word_1_200' title='bbox 285 2334 430 2413; x_wconf 85' lang='lat' dir='ltr'>deonem,</span> <span class='ocrx_word' id='word_1_201' title='bbox 463 2336 653 2403; x_wconf 86' lang='lat' dir='ltr'>Labeatium</span> <span class='ocrx_word' id='word_1_202' title='bbox 689 2339 793 2426; x_wconf 84' lang='lat' dir='ltr'>gentis</span> <span class='ocrx_word' id='word_1_203' title='bbox 828 2338 950 2415; x_wconf 84' lang='lat' dir='ltr'>urbem,</span> <span class='ocrx_word' id='word_1_204' title='bbox 974 2340 1144 2425; x_wconf 78' lang='lat' dir='ltr'>profectus,</span> <span class='ocrx_word' id='word_1_205' title='bbox 1171 2341 1192 2373; x_wconf 79' lang='lat'>⁷³</span> <span class='ocrx_word' id='word_1_206' title='bbox 1202 2338 1347 2403; x_wconf 83' lang='lat' dir='ltr'>Etlevam</span> 
     </span>
     <span class='ocr_line' id='line_1_26' title="bbox 122 2410 1351 2509; baseline 0 -22"><span class='ocrx_word' id='word_1_207' title='bbox 122 2410 167 2457; x_wconf 71' lang='lat'>⁸¹³⁴</span> <span class='ocrx_word' id='word_1_208' title='bbox 286 2444 420 2487; x_wconf 80' lang='lat' dir='ltr'>uxorein</span> <span class='ocrx_word' id='word_1_209' title='bbox 448 2447 522 2487; x_wconf 90' lang='lat' dir='ltr'>cum</span> <span class='ocrx_word' id='word_1_210' title='bbox 545 2425 618 2489; x_wconf 86' lang='lat' dir='ltr'>filiis</span> <span class='ocrx_word' id='word_1_211' title='bbox 642 2425 778 2501; x_wconf 83' lang='lat' dir='ltr'>duobus,</span> <span class='ocrx_word' id='word_1_212' title='bbox 799 2425 1045 2490; x_wconf 69' lang='lat' dir='ltr'>⁷⁴Scerdilaedo¹¹</span> <span class='ocrx_word' id='word_1_213' title='bbox 1071 2425 1293 2509; x_wconf 82' lang='lat' dir='ltr'>Pleuratoque,</span> <span class='ocrx_word' id='word_1_214' title='bbox 1315 2435 1351 2487; x_wconf 89' lang='lat' dir='ltr'>et</span> 
     </span>
     <span class='ocr_line' id='line_1_27' title="bbox 286 2509 1348 2588; baseline 0 -15"><span class='ocrx_word' id='word_1_215' title='bbox 286 2509 511 2574; x_wconf 84' lang='lat' dir='ltr'>Caravantium</span> <span class='ocrx_word' id='word_1_216' title='bbox 529 2510 655 2576; x_wconf 84' lang='lat' dir='ltr'>fratrem</span> <span class='ocrx_word' id='word_1_217' title='bbox 673 2512 826 2576; x_wconf 84' lang='lat' dir='ltr'>Scodram</span> <span class='ocrx_word' id='word_1_218' title='bbox 851 2514 883 2575; x_wconf 88' lang='lat' dir='ltr'>in</span> <span class='ocrx_word' id='word_1_219' title='bbox 900 2523 1002 2575; x_wconf 87' lang='lat' dir='ltr'>castra</span> <span class='ocrx_word' id='word_1_220' title='bbox 1016 2512 1158 2579; x_wconf 85' lang='lat' dir='ltr'>adduxit.</span> <span class='ocrx_word' id='word_1_221' title='bbox 1204 2510 1348 2588; x_wconf 88' lang='lat' dir='ltr'>Anicius,</span> 
     </span>
     <span class='ocr_line' id='line_1_28' title="bbox 284 2594 1350 2682; baseline 0.001 -23"><span class='ocrx_word' id='word_1_222' title='bbox 284 2594 369 2659; x_wconf 90' lang='lat' dir='ltr'>bello</span> <span class='ocrx_word' id='word_1_223' title='bbox 384 2595 495 2681; x_wconf 83' lang='lat' dir='ltr'>Illyrio</span> <span class='ocrx_word' id='word_1_224' title='bbox 509 2599 531 2632; x_wconf 76' lang='lat'>⁷⁵</span> <span class='ocrx_word' id='word_1_225' title='bbox 543 2599 626 2659; x_wconf 91' lang='lat' dir='ltr'>iutra</span> <span class='ocrx_word' id='word_1_226' title='bbox 641 2598 772 2680; x_wconf 79' lang='lat' dir='ltr'>triginta</span> <span class='ocrx_word' id='word_1_227' title='bbox 793 2597 859 2659; x_wconf 87' lang='lat' dir='ltr'>dies</span> <span class='ocrx_word' id='word_1_228' title='bbox 875 2596 1023 2682; x_wconf 81' lang='lat' dir='ltr'>perfecto,</span> <span class='ocrx_word' id='word_1_229' title='bbox 1040 2599 1191 2661; x_wconf 91' lang='lat' dir='ltr'>nuncium</span> <span class='ocrx_word' id='word_1_230' title='bbox 1209 2597 1350 2660; x_wconf 83' lang='lat' dir='ltr'>victoriae</span> 
     </span>
     <span class='ocr_line' id='line_1_29' title="bbox 286 2680 1413 2766; baseline 0 -22"><span class='ocrx_word' id='word_1_231' title='bbox 286 2680 479 2765; x_wconf 89' lang='lat' dir='ltr'>Perpernam</span> <span class='ocrx_word' id='word_1_232' title='bbox 508 2682 645 2744; x_wconf 89' lang='lat' dir='ltr'>Romam</span> <span class='ocrx_word' id='word_1_233' title='bbox 677 2681 779 2743; x_wconf 77' lang='lat' dir='ltr'>ntisitt</span> <span class='ocrx_word' id='word_1_234' title='bbox 810 2695 841 2743; x_wconf 90' lang='lat' dir='ltr'>et</span> <span class='ocrx_word' id='word_1_235' title='bbox 867 2695 937 2763; x_wconf 84' lang='lat' dir='ltr'>post</span> <span class='ocrx_word' id='word_1_236' title='bbox 963 2683 1029 2746; x_wconf 90' lang='lat' dir='ltr'>dies</span> <span class='ocrx_word' id='word_1_237' title='bbox 1052 2704 1169 2766; x_wconf 87' lang='lat' dir='ltr'>paucos</span> <span class='ocrx_word' id='word_1_238' title='bbox 1192 2683 1347 2748; x_wconf 86' lang='lat' dir='ltr'>Gentium</span> <span class='ocrx_word' id='word_1_239' title='bbox 1401 2694 1413 2717; x_wconf 74' lang='lat'><em>⁶</em></span> 
     </span>
     <span class='ocr_line' id='line_1_30' title="bbox 285 2767 1347 2852; baseline -0.001 -22"><span class='ocrx_word' id='word_1_240' title='bbox 285 2788 390 2849; x_wconf 69' lang='lat' dir='ltr'>regem</span> <span class='ocrx_word' id='word_1_241' title='bbox 415 2769 517 2849; x_wconf 89' lang='lat' dir='ltr'>ipsum</span> <span class='ocrx_word' id='word_1_242' title='bbox 540 2786 614 2827; x_wconf 91' lang='lat' dir='ltr'>cum</span> <span class='ocrx_word' id='word_1_243' title='bbox 636 2779 776 2845; x_wconf 86' lang='lat' dir='ltr'>parente,</span> <span class='ocrx_word' id='word_1_244' title='bbox 793 2767 938 2852; x_wconf 81' lang='lat' dir='ltr'>conjuge,</span> <span class='ocrx_word' id='word_1_245' title='bbox 959 2785 1019 2833; x_wconf 80' lang='lat' dir='ltr'>nc·</span> <span class='ocrx_word' id='word_1_246' title='bbox 1041 2769 1157 2844; x_wconf 85' lang='lat' dir='ltr'>liberis,</span> <span class='ocrx_word' id='word_1_247' title='bbox 1181 2791 1218 2832; x_wconf 89' lang='lat' dir='ltr'>ac</span> <span class='ocrx_word' id='word_1_248' title='bbox 1241 2768 1347 2844; x_wconf 85' lang='lat' dir='ltr'>fratre,</span> 
     </span>
     <span class='ocr_line' id='line_1_31' title="bbox 285 2847 1349 2937; baseline 0.002 -21"><span class='ocrx_word' id='word_1_249' title='bbox 285 2853 416 2936; x_wconf 88' lang='lat' dir='ltr'>aliisque</span> <span class='ocrx_word' id='word_1_250' title='bbox 438 2849 635 2937; x_wconf 81' lang='lat' dir='ltr'>principibus</span> <span class='ocrx_word' id='word_1_251' title='bbox 658 2847 850 2933; x_wconf 76' lang='lat' dir='ltr'>lllyriorum.</span> <span class='ocrx_word' id='word_1_252' title='bbox 902 2853 976 2917; x_wconf 90' lang='lat' dir='ltr'>Hoc</span> <span class='ocrx_word' id='word_1_253' title='bbox 997 2876 1098 2919; x_wconf 89' lang='lat' dir='ltr'>unum</span> <span class='ocrx_word' id='word_1_254' title='bbox 1119 2854 1238 2918; x_wconf 88' lang='lat' dir='ltr'>bellum</span> <span class='ocrx_word' id='word_1_255' title='bbox 1259 2854 1349 2937; x_wconf 90' lang='lat' dir='ltr'>prius</span> 
     </span>
     <span class='ocr_line' id='line_1_32' title="bbox 285 2935 1351 3084; baseline 0.007 -87"><span class='ocrx_word' id='word_1_256' title='bbox 285 2950 512 3021; x_wconf 87' lang='lat' dir='ltr'>perpetratum,</span> <span class='ocrx_word' id='word_1_257' title='bbox 529 2956 622 3019; x_wconf 86' lang='lat' dir='ltr'>quam</span> <span class='ocrx_word' id='word_1_258' title='bbox 642 2949 795 3084; x_wconf 49' lang='lat' dir='ltr'>coeptppi,</span> <span class='ocrx_word' id='word_1_259' title='bbox 818 2935 932 3002; x_wconf 78' lang='lat' dir='ltr'>Romae</span> <span class='ocrx_word' id='word_1_260' title='bbox 955 2939 1098 3004; x_wconf 87' lang='lat' dir='ltr'>auditum</span> <span class='ocrx_word' id='word_1_261' title='bbox 1124 2954 1181 3006; x_wconf 88' lang='lat' dir='ltr'>est.</span> <span class='ocrx_word' id='word_1_262' title='bbox 1225 2939 1351 3010; x_wconf 83' lang='lat' dir='ltr'>Quibus</span> 
     </span>
    </p>
   </div>
   <div class='ocr_carea' id='block_1_9' title="bbox 122 3019 1350 3214">
    <p class='ocr_par' dir='ltr' id='par_1_19' title="bbox 122 3019 1350 3214">
     <span class='ocr_line' id='line_1_33' title="bbox 124 3019 1350 3112; baseline 0.005 -28"><span class='ocrx_word' id='word_1_263' title='bbox 124 3037 225 3084; x_wconf 79' lang='lat' dir='ltr'>Perseus</span> <span class='ocrx_word' id='word_1_264' title='bbox 235 3037 261 3082; x_wconf 84' lang='lat' dir='ltr'>in</span> <span class='ocrx_word' id='word_1_265' title='bbox 285 3022 396 3087; x_wconf 88' lang='lat' dir='ltr'>dicbus</span> <span class='ocrx_word' id='word_1_266' title='bbox 421 3020 491 3085; x_wconf 83' lang='lat' dir='ltr'>ltaec</span> <span class='ocrx_word' id='word_1_267' title='bbox 513 3019 699 3103; x_wconf 81' lang='lat' dir='ltr'>agebantur,</span> <span class='ocrx_word' id='word_1_268' title='bbox 752 3043 857 3086; x_wconf 85' lang='lat' dir='ltr'>eracus</span> <span class='ocrx_word' id='word_1_269' title='bbox 878 3046 1003 3110; x_wconf 84' lang='lat' dir='ltr'>quoque</span> <span class='ocrx_word' id='word_1_270' title='bbox 1027 3028 1058 3090; x_wconf 92' lang='lat' dir='ltr'>in</span> <span class='ocrx_word' id='word_1_271' title='bbox 1082 3048 1197 3112; x_wconf 85' lang='lat' dir='ltr'>magno</span> <span class='ocrx_word' id='word_1_272' title='bbox 1226 3037 1350 3090; x_wconf 88' lang='lat' dir='ltr'>terrore</span> 
     </span>
     <span class='ocr_line' id='line_1_34' title="bbox 122 3108 1112 3214; baseline 0.007 -8"><span class='ocrx_word' id='word_1_273' title='bbox 122 3108 270 3212; x_wconf 36' lang='lat' dir='ltr'>mutes</span> <span class='ocrx_word' id='word_1_274' title='bbox 517 3160 830 3210; x_wconf 60' lang='lat' dir='ltr'>marmorosum.</span> <span class='ocrx_word' id='word_1_275' title='bbox 927 3168 1032 3212; x_wconf 59' lang='lat' dir='ltr'>meaa</span> <span class='ocrx_word' id='word_1_276' title='bbox 1045 3166 1112 3214; x_wconf 66' lang='lat' dir='ltr'>aaa</span> 
     </span>
    </p>
   </div>
   <div class='ocr_carea' id='block_1_10' title="bbox 318 3288 1459 3359">
    <p class='ocr_par' dir='ltr' id='par_1_20' title="bbox 318 3288 1459 3359">
     <span class='ocr_line' id='line_1_35' title="bbox 318 3288 1459 3359; baseline 0.008 -24"><span class='ocrx_word' id='word_1_277' title='bbox 318 3290 349 3336; x_wconf 86' lang='grc'>70</span> <span class='ocrx_word' id='word_1_278' title='bbox 364 3290 563 3339; x_wconf 75' lang='lat' dir='ltr'>Maltr&#39;millibns</span> <span class='ocrx_word' id='word_1_279' title='bbox 577 3298 720 3340; x_wconf 68' lang='lat' dir='ltr'>armatum</span> <span class='ocrx_word' id='word_1_280' title='bbox 730 3289 801 3357; x_wconf 78' lang='lat' dir='ltr'>actis]</span> <span class='ocrx_word' id='word_1_281' title='bbox 830 3310 884 3342; x_wconf 86' lang='lat' dir='ltr'>cem</span> <span class='ocrx_word' id='word_1_282' title='bbox 896 3299 986 3344; x_wconf 84' lang='lat' dir='ltr'>talenta</span> <span class='ocrx_word' id='word_1_283' title='bbox 1003 3306 1062 3345; x_wconf 85' lang='lat' dir='ltr'>sunt</span> <span class='ocrx_word' id='word_1_284' title='bbox 1078 3312 1167 3345; x_wconf 68' lang='lat' dir='ltr'>muca</span> <span class='ocrx_word' id='word_1_285' title='bbox 1183 3298 1276 3359; x_wconf 76' lang='lat' dir='ltr'>argenti</span> <span class='ocrx_word' id='word_1_286' title='bbox 1291 3310 1349 3343; x_wconf 78' lang='lat' dir='ltr'>nou·</span> <span class='ocrx_word' id='word_1_287' title='bbox 1419 3288 1429 3306; x_wconf 79' lang='lat'>⁸</span> <span class='ocrx_word' id='word_1_288' title='bbox 1451 3288 1459 3307; x_wconf 79' lang='lat'>‘</span> 
     </span>
    </p>
   </div>
   <div class='ocr_carea' id='block_1_11' title="bbox 266 3353 1352 4379">
    <p class='ocr_par' dir='ltr' id='par_1_21' title="bbox 266 3353 1352 4379">
     <span class='ocr_line' id='line_1_36' title="bbox 285 3353 1094 3419; baseline 0.012 -21"><span class='ocrx_word' id='word_1_289' title='bbox 285 3353 367 3413; x_wconf 68' lang='lat' dir='ltr'>Magis</span> <span class='ocrx_word' id='word_1_290' title='bbox 388 3355 492 3413; x_wconf 82' lang='lat' dir='ltr'>placaret</span> <span class='ocrx_word' id='word_1_291' title='bbox 510 3371 566 3403; x_wconf 87' lang='lat' dir='ltr'>cum</span> <span class='ocrx_word' id='word_1_292' title='bbox 577 3359 698 3404; x_wconf 87' lang='lat' dir='ltr'>Gronovio</span> <span class='ocrx_word' id='word_1_293' title='bbox 719 3360 799 3419; x_wconf 80' lang='lat' dir='ltr'>legere</span> <span class='ocrx_word' id='word_1_294' title='bbox 830 3366 903 3407; x_wconf 83' lang='lat' dir='ltr'>tratas</span> <span class='ocrx_word' id='word_1_295' title='bbox 915 3361 969 3408; x_wconf 77' lang='lat'><strong>937.</strong></span> <span class='ocrx_word' id='word_1_296' title='bbox 982 3364 1060 3408; x_wconf 70' lang='lat' dir='ltr'>unciae</span> <span class='ocrx_word' id='word_1_297' title='bbox 1071 3362 1094 3408; x_wconf 82' lang='grc'>4.</span> 
     </span>
     <span class='ocr_line' id='line_1_37' title="bbox 284 3418 1348 3488; baseline 0.009 -26"><span class='ocrx_word' id='word_1_298' title='bbox 284 3418 373 3462; x_wconf 76' lang='lat' dir='ltr'>coactis.</span> <span class='ocrx_word' id='word_1_299' title='bbox 863 3424 894 3470; x_wconf 81' lang='grc'>73</span> <span class='ocrx_word' id='word_1_300' title='bbox 909 3425 1016 3471; x_wconf 78' lang='lat' dir='ltr'>Etlcsum</span> <span class='ocrx_word' id='word_1_301' title='bbox 1037 3425 1143 3488; x_wconf 65' lang='lat' dir='ltr'>morem]</span> <span class='ocrx_word' id='word_1_302' title='bbox 1170 3427 1248 3485; x_wconf 80' lang='lat' dir='ltr'>Supra</span> <span class='ocrx_word' id='word_1_303' title='bbox 1265 3439 1287 3472; x_wconf 88' lang='lat' dir='ltr'>c.</span> <span class='ocrx_word' id='word_1_304' title='bbox 1305 3425 1348 3473; x_wconf 78' lang='grc'>30.</span> 
     </span>
     <span class='ocr_line' id='line_1_38' title="bbox 316 3480 1349 3545; baseline 0.011 -20"><span class='ocrx_word' id='word_1_305' title='bbox 316 3480 345 3526; x_wconf 88' lang='grc'>71</span> <span class='ocrx_word' id='word_1_306' title='bbox 363 3480 405 3526; x_wconf 68' lang='lat' dir='ltr'>Ea</span> <span class='ocrx_word' id='word_1_307' title='bbox 419 3496 445 3527; x_wconf 82' lang='lat' dir='ltr'>ea</span> <span class='ocrx_word' id='word_1_308' title='bbox 465 3486 557 3545; x_wconf 70' lang='lat' dir='ltr'>regione</span> <span class='ocrx_word' id='word_1_309' title='bbox 579 3488 603 3530; x_wconf 86' lang='lat' dir='ltr'>in</span> <span class='ocrx_word' id='word_1_310' title='bbox 625 3500 694 3545; x_wconf 79' lang='lat' dir='ltr'>quum</span> <span class='ocrx_word' id='word_1_311' title='bbox 715 3488 799 3533; x_wconf 80' lang='lat' dir='ltr'>missua</span> <span class='ocrx_word' id='word_1_312' title='bbox 831 3488 919 3533; x_wconf 86' lang='lat' dir='ltr'>dlcitur</span> <span class='ocrx_word' id='word_1_313' title='bbox 937 3489 1039 3534; x_wconf 86' lang='lat' dir='ltr'>Gentius</span> <span class='ocrx_word' id='word_1_314' title='bbox 1058 3504 1158 3536; x_wconf 84' lang='lat' dir='ltr'>uxorem</span> <span class='ocrx_word' id='word_1_315' title='bbox 1173 3491 1271 3536; x_wconf 83' lang='lat' dir='ltr'>duxisse</span> <span class='ocrx_word' id='word_1_316' title='bbox 1286 3489 1349 3536; x_wconf 78' lang='lat' dir='ltr'>litu·</span> 
     </span>
     <span class='ocr_line' id='line_1_39' title="bbox 283 3544 1349 3613; baseline 0.012 -24"><span class='ocrx_word' id='word_1_317' title='bbox 283 3544 425 3605; x_wconf 73' lang='lat' dir='ltr'>ctut1lloec</span> <span class='ocrx_word' id='word_1_318' title='bbox 444 3561 491 3593; x_wconf 91' lang='lat' dir='ltr'>non</span> <span class='ocrx_word' id='word_1_319' title='bbox 512 3551 624 3596; x_wconf 82' lang='lat' dir='ltr'>videntur</span> <span class='ocrx_word' id='word_1_320' title='bbox 642 3552 799 3610; x_wconf 71' lang='lat' dir='ltr'>intelligenda</span> <span class='ocrx_word' id='word_1_321' title='bbox 830 3559 882 3596; x_wconf 86' lang='lat' dir='ltr'>tam</span> <span class='ocrx_word' id='word_1_322' title='bbox 908 3552 1008 3598; x_wconf 84' lang='lat' dir='ltr'>Honuni</span> <span class='ocrx_word' id='word_1_323' title='bbox 1032 3553 1202 3600; x_wconf 85' lang='lat' dir='ltr'>Dardanorum</span> <span class='ocrx_word' id='word_1_324' title='bbox 1231 3554 1349 3613; x_wconf 78' lang='lat' dir='ltr'>principis</span> 
     </span>
     <span class='ocr_line' id='line_1_40' title="bbox 283 3608 1350 3669; baseline 0.012 -17"><span class='ocrx_word' id='word_1_325' title='bbox 283 3620 335 3653; x_wconf 80' lang='lat' dir='ltr'>esse</span> <span class='ocrx_word' id='word_1_326' title='bbox 353 3608 383 3653; x_wconf 80' lang='lat' dir='ltr'>de</span> <span class='ocrx_word' id='word_1_327' title='bbox 400 3614 550 3669; x_wconf 79' lang='lat' dir='ltr'>expeditione</span> <span class='ocrx_word' id='word_1_328' title='bbox 562 3615 698 3660; x_wconf 82' lang='lat' dir='ltr'>Caravantii</span> <span class='ocrx_word' id='word_1_329' title='bbox 716 3616 742 3660; x_wconf 91' lang='lat' dir='ltr'>in</span> <span class='ocrx_word' id='word_1_330' title='bbox 754 3615 799 3660; x_wconf 87' lang='lat' dir='ltr'>Ca·</span> <span class='ocrx_word' id='word_1_331' title='bbox 831 3616 913 3661; x_wconf 84' lang='lat' dir='ltr'>liliam.</span> <span class='ocrx_word' id='word_1_332' title='bbox 947 3616 994 3661; x_wconf 88' lang='lat' dir='ltr'>Sed</span> <span class='ocrx_word' id='word_1_333' title='bbox 1010 3617 1110 3664; x_wconf 83' lang='lat' dir='ltr'>fortasse</span> <span class='ocrx_word' id='word_1_334' title='bbox 1127 3619 1191 3664; x_wconf 86' lang='lat' dir='ltr'>idem</span> <span class='ocrx_word' id='word_1_335' title='bbox 1209 3625 1246 3664; x_wconf 85' lang='lat' dir='ltr'>est</span> <span class='ocrx_word' id='word_1_336' title='bbox 1257 3631 1350 3665; x_wconf 85' lang='lat' dir='ltr'>nomen</span> 
     </span>
     <span class='ocr_line' id='line_1_41' title="bbox 284 3672 1350 3737; baseline 0.012 -21"><span class='ocrx_word' id='word_1_337' title='bbox 284 3672 343 3725; x_wconf 83' lang='lat' dir='ltr'>vlos,</span> <span class='ocrx_word' id='word_1_338' title='bbox 356 3672 385 3717; x_wconf 92' lang='lat' dir='ltr'>de</span> <span class='ocrx_word' id='word_1_339' title='bbox 396 3686 444 3731; x_wconf 86' lang='lat' dir='ltr'>qua</span> <span class='ocrx_word' id='word_1_340' title='bbox 455 3690 475 3721; x_wconf 84' lang='lat' dir='ltr'>c.</span> <span class='ocrx_word' id='word_1_341' title='bbox 492 3690 562 3734; x_wconf 78' lang='lat' dir='ltr'>praec.</span> <span class='ocrx_word' id='word_1_342' title='bbox 581 3679 630 3737; x_wconf 77' lang='lat' dir='ltr'>egit</span> <span class='ocrx_word' id='word_1_343' title='bbox 640 3679 730 3723; x_wconf 89' lang='lat' dir='ltr'>Livius.</span> <span class='ocrx_word' id='word_1_344' title='bbox 752 3678 800 3724; x_wconf 86' lang='lat' dir='ltr'>De-</span> <span class='ocrx_word' id='word_1_345' title='bbox 831 3679 906 3725; x_wconf 73' lang='lat' dir='ltr'>litato</span> <span class='ocrx_word' id='word_1_346' title='bbox 916 3685 941 3726; x_wconf 89' lang='lat' dir='ltr'>et</span> <span class='ocrx_word' id='word_1_347' title='bbox 952 3680 1052 3726; x_wconf 72' lang='lat' dir='ltr'>Etlevni</span> <span class='ocrx_word' id='word_1_348' title='bbox 1069 3682 1170 3727; x_wconf 59' lang='lat' dir='ltr'>tortam</span> <span class='ocrx_word' id='word_1_349' title='bbox 1187 3683 1304 3728; x_wconf 82' lang='lat' dir='ltr'>ultcnstrn</span> <span class='ocrx_word' id='word_1_350' title='bbox 1320 3683 1350 3729; x_wconf 85' lang='lat' dir='ltr'>in</span> 
     </span>
     <span class='ocr_line' id='line_1_42' title="bbox 282 3736 1351 3804; baseline 0.01 -23"><span class='ocrx_word' id='word_1_351' title='bbox 282 3736 393 3795; x_wconf 74' lang='lat' dir='ltr'>signatin’</span> <span class='ocrx_word' id='word_1_352' title='bbox 414 3740 495 3796; x_wconf 84' lang='lat' dir='ltr'>potius</span> <span class='ocrx_word' id='word_1_353' title='bbox 516 3742 595 3786; x_wconf 85' lang='lat' dir='ltr'>amica</span> <span class='ocrx_word' id='word_1_354' title='bbox 616 3744 696 3801; x_wconf 80' lang='lat' dir='ltr'>aliqua</span> <span class='ocrx_word' id='word_1_355' title='bbox 718 3744 800 3788; x_wconf 83' lang='lat' dir='ltr'>Gentii</span> <span class='ocrx_word' id='word_1_356' title='bbox 832 3745 884 3789; x_wconf 85' lang='lat' dir='ltr'>loco</span> <span class='ocrx_word' id='word_1_357' title='bbox 903 3745 990 3789; x_wconf 81' lang='lat' dir='ltr'>vitium</span> <span class='ocrx_word' id='word_1_358' title='bbox 1007 3751 1051 3789; x_wconf 73' lang='lat' dir='ltr'>est.</span> <span class='ocrx_word' id='word_1_359' title='bbox 1085 3745 1154 3791; x_wconf 86' lang='lat' dir='ltr'>Nihil</span> <span class='ocrx_word' id='word_1_360' title='bbox 1171 3758 1267 3804; x_wconf 82' lang='lat' dir='ltr'>qnoque</span> <span class='ocrx_word' id='word_1_361' title='bbox 1281 3752 1351 3793; x_wconf 67' lang='lat' dir='ltr'>mat</span> 
     </span>
     <span class='ocr_line' id='line_1_43' title="bbox 282 3801 1352 3865; baseline 0.012 -21"><span class='ocrx_word' id='word_1_362' title='bbox 282 3801 357 3860; x_wconf 78' lang='lat' dir='ltr'>regio,</span> <span class='ocrx_word' id='word_1_363' title='bbox 377 3802 403 3845; x_wconf 90' lang='lat' dir='ltr'>in</span> <span class='ocrx_word' id='word_1_364' title='bbox 422 3815 496 3860; x_wconf 84' lang='lat' dir='ltr'>quam</span> <span class='ocrx_word' id='word_1_365' title='bbox 508 3804 675 3858; x_wconf 74' lang='lat' dir='ltr'>Carauantius,</span> <span class='ocrx_word' id='word_1_366' title='bbox 693 3820 708 3851; x_wconf 88' lang='lat' dir='ltr'>a</span> <span class='ocrx_word' id='word_1_367' title='bbox 719 3807 800 3852; x_wconf 84' lang='lat' dir='ltr'>Caviis</span> <span class='ocrx_word' id='word_1_368' title='bbox 832 3809 927 3854; x_wconf 86' lang='lat' dir='ltr'>credere</span> <span class='ocrx_word' id='word_1_369' title='bbox 939 3808 1040 3854; x_wconf 84' lang='lat' dir='ltr'>Etutam</span> <span class='ocrx_word' id='word_1_370' title='bbox 1055 3817 1097 3855; x_wconf 86' lang='lat' dir='ltr'>aut</span> <span class='ocrx_word' id='word_1_371' title='bbox 1114 3817 1245 3865; x_wconf 69' lang='lat' dir='ltr'>manuam,</span> <span class='ocrx_word' id='word_1_372' title='bbox 1257 3817 1301 3856; x_wconf 83' lang='lat' dir='ltr'>aut</span> <span class='ocrx_word' id='word_1_373' title='bbox 1311 3824 1352 3857; x_wconf 82' lang='lat' dir='ltr'>re·</span> 
     </span>
     <span class='ocr_line' id='line_1_44' title="bbox 282 3865 1050 3931; baseline 0.013 -21"><span class='ocrx_word' id='word_1_374' title='bbox 282 3865 321 3910; x_wconf 82' lang='lat' dir='ltr'>vel</span> <span class='ocrx_word' id='word_1_375' title='bbox 327 3868 489 3919; x_wconf 84' lang='lat' dir='ltr'>reversus,ch</span> <span class='ocrx_word' id='word_1_376' title='bbox 498 3875 631 3921; x_wconf 81' lang='lat' dir='ltr'>revocatus.</span> <span class='ocrx_word' id='word_1_377' title='bbox 640 3870 729 3916; x_wconf 87' lang='lat' dir='ltr'>missus</span> <span class='ocrx_word' id='word_1_378' title='bbox 737 3878 801 3916; x_wconf 86' lang='lat' dir='ltr'>esset</span> <span class='ocrx_word' id='word_1_379' title='bbox 832 3873 956 3931; x_wconf 88' lang='lat' dir='ltr'>pudiatam</span> <span class='ocrx_word' id='word_1_380' title='bbox 968 3874 1050 3920; x_wconf 82' lang='lat' dir='ltr'>fuisse.</span> 
     </span>
     <span class='ocr_line' id='line_1_45' title="bbox 282 3929 1352 3999; baseline 0.008 -25"><span class='ocrx_word' id='word_1_381' title='bbox 282 3929 420 3975; x_wconf 63' lang='lat' dir='ltr'>adunent</span> <span class='ocrx_word' id='word_1_382' title='bbox 431 3932 511 3991; x_wconf 78' lang='lat' dir='ltr'>copias</span> <span class='ocrx_word' id='word_1_383' title='bbox 521 3933 679 3977; x_wconf 81' lang='lat' dir='ltr'>contraheret.</span> <span class='ocrx_word' id='word_1_384' title='bbox 713 3935 800 3981; x_wconf 78' lang='lat' dir='ltr'>ldsor-</span> <span class='ocrx_word' id='word_1_385' title='bbox 865 3935 897 3981; x_wconf 79' lang='grc'>74</span> <span class='ocrx_word' id='word_1_386' title='bbox 912 3936 1046 3999; x_wconf 59' lang='lat' dir='ltr'>Studien]</span> <span class='ocrx_word' id='word_1_387' title='bbox 1065 3938 1138 3983; x_wconf 87' lang='lat' dir='ltr'>Liber</span> <span class='ocrx_word' id='word_1_388' title='bbox 1156 3938 1241 3983; x_wconf 90' lang='lat' dir='ltr'>babuit</span> <span class='ocrx_word' id='word_1_389' title='bbox 1256 3937 1352 3983; x_wconf 80' lang='lat' dir='ltr'>Scerdi-</span> 
     </span>
     <span class='ocr_line' id='line_1_46' title="bbox 282 3993 1349 4061; baseline 0.009 -23"><span class='ocrx_word' id='word_1_390' title='bbox 282 3993 443 4039; x_wconf 77' lang='lat' dir='ltr'>tasseclarius</span> <span class='ocrx_word' id='word_1_391' title='bbox 453 4002 628 4041; x_wconf 82' lang='lat' dir='ltr'>memoraverat</span> <span class='ocrx_word' id='word_1_392' title='bbox 636 3995 720 4042; x_wconf 82' lang='lat' dir='ltr'>Livius</span> <span class='ocrx_word' id='word_1_393' title='bbox 730 3999 756 4042; x_wconf 91' lang='lat' dir='ltr'>in</span> <span class='ocrx_word' id='word_1_394' title='bbox 768 3998 798 4044; x_wconf 90' lang='lat' dir='ltr'>iis</span> <span class='ocrx_word' id='word_1_395' title='bbox 828 4000 866 4045; x_wconf 79' lang='lat' dir='ltr'>lio.</span> <span class='ocrx_word' id='word_1_396' title='bbox 901 4000 1013 4061; x_wconf 77' lang='lat' dir='ltr'>Sigonius</span> <span class='ocrx_word' id='word_1_397' title='bbox 1027 4002 1141 4054; x_wconf 85' lang='lat' dir='ltr'>mutavit,</span> <span class='ocrx_word' id='word_1_398' title='bbox 1159 4002 1217 4061; x_wconf 87' lang='lat' dir='ltr'>quia</span> <span class='ocrx_word' id='word_1_399' title='bbox 1234 4001 1349 4048; x_wconf 70' lang='lat' dir='ltr'>Scerdila-</span> 
     </span>
     <span class='ocr_line' id='line_1_47' title="bbox 282 4057 1349 4125; baseline 0.009 -23"><span class='ocrx_word' id='word_1_400' title='bbox 282 4068 337 4114; x_wconf 76' lang='lat' dir='ltr'>quoe</span> <span class='ocrx_word' id='word_1_401' title='bbox 348 4057 529 4104; x_wconf 85' lang='lat' dir='ltr'>interciderunt.</span> <span class='ocrx_word' id='word_1_402' title='bbox 765 4068 768 4073; x_wconf 89' lang='lat'>&#39;</span> <span class='ocrx_word' id='word_1_403' title='bbox 829 4067 962 4110; x_wconf 77' lang='lat' dir='ltr'>turnomen</span> <span class='ocrx_word' id='word_1_404' title='bbox 973 4072 1011 4111; x_wconf 81' lang='lat' dir='ltr'>est</span> <span class='ocrx_word' id='word_1_405' title='bbox 1022 4066 1111 4125; x_wconf 84' lang='lat' dir='ltr'>Illyriis</span> <span class='ocrx_word' id='word_1_406' title='bbox 1122 4066 1211 4125; x_wconf 78' lang='lat' dir='ltr'>regulis</span> <span class='ocrx_word' id='word_1_407' title='bbox 1218 4065 1349 4122; x_wconf 77' lang='lat' dir='ltr'>familiare,</span> 
     </span>
     <span class='ocr_line' id='line_1_48' title="bbox 315 4119 1341 4188; baseline 0.01 -22"><span class='ocrx_word' id='word_1_408' title='bbox 315 4119 346 4166; x_wconf 76' lang='lat' dir='ltr'>tt</span> <span class='ocrx_word' id='word_1_409' title='bbox 366 4121 413 4166; x_wconf 72' lang='lat' dir='ltr'>Vae</span> <span class='ocrx_word' id='word_1_410' title='bbox 431 4123 570 4182; x_wconf 75' lang='lat' dir='ltr'>gladiatorio</span> <span class='ocrx_word' id='word_1_411' title='bbox 587 4124 687 4185; x_wconf 70' lang='lat' dir='ltr'>mepta]</span> <span class='ocrx_word' id='word_1_412' title='bbox 706 4127 798 4186; x_wconf 84' lang='lat' dir='ltr'>Accep·</span> <span class='ocrx_word' id='word_1_413' title='bbox 829 4136 1006 4187; x_wconf 80' lang='lat' dir='ltr'>utappsretex</span> <span class='ocrx_word' id='word_1_414' title='bbox 1018 4129 1262 4188; x_wconf 82' lang='lat' dir='ltr'>superlnribuslibris.</span> <span class='ocrx_word' id='word_1_415' title='bbox 1298 4145 1300 4151; x_wconf 70' lang='grc'>’</span> <span class='ocrx_word' id='word_1_416' title='bbox 1338 4154 1341 4161; x_wconf 49' lang='lat' dir='ltr'>v</span> 
     </span>
     <span class='ocr_line' id='line_1_49' title="bbox 282 4181 1349 4256; baseline 0.01 -26"><span class='ocrx_word' id='word_1_417' title='bbox 282 4181 314 4224; x_wconf 74' lang='lat' dir='ltr'>ti·</span> <span class='ocrx_word' id='word_1_418' title='bbox 324 4183 408 4229; x_wconf 77' lang='lat' dir='ltr'>decem</span> <span class='ocrx_word' id='word_1_419' title='bbox 423 4188 527 4241; x_wconf 84' lang='lat' dir='ltr'>talentis,</span> <span class='ocrx_word' id='word_1_420' title='bbox 539 4201 595 4247; x_wconf 79' lang='lat' dir='ltr'>quaa</span> <span class='ocrx_word' id='word_1_421' title='bbox 611 4188 720 4247; x_wconf 74' lang='lat' dir='ltr'>pecuniae</span> <span class='ocrx_word' id='word_1_422' title='bbox 730 4202 797 4236; x_wconf 87' lang='lat' dir='ltr'>sum-</span> <span class='ocrx_word' id='word_1_423' title='bbox 862 4192 893 4238; x_wconf 78' lang='grc'>76</span> <span class='ocrx_word' id='word_1_424' title='bbox 909 4192 978 4238; x_wconf 78' lang='lat' dir='ltr'>Istra</span> <span class='ocrx_word' id='word_1_425' title='bbox 988 4194 1089 4252; x_wconf 73' lang='lat' dir='ltr'>triginta</span> <span class='ocrx_word' id='word_1_426' title='bbox 1106 4192 1165 4256; x_wconf 74' lang='lat' dir='ltr'>ates]</span> <span class='ocrx_word' id='word_1_427' title='bbox 1182 4194 1309 4253; x_wconf 79' lang='lat' dir='ltr'>Appianas</span> <span class='ocrx_word' id='word_1_428' title='bbox 1320 4194 1349 4241; x_wconf 78' lang='lat' dir='ltr'>in</span> 
     </span>
     <span class='ocr_line' id='line_1_50' title="bbox 283 4252 1280 4319; baseline 0.017 -32"><span class='ocrx_word' id='word_1_429' title='bbox 283 4254 325 4316; x_wconf 63' lang='grc' dir='ltr'>ιιὶιΙ</span> <span class='ocrx_word' id='word_1_430' title='bbox 335 4257 376 4290; x_wconf 78' lang='lat' dir='ltr'>vix</span> <span class='ocrx_word' id='word_1_431' title='bbox 387 4253 455 4295; x_wconf 65' lang='lat' dir='ltr'>unta</span> <span class='ocrx_word' id='word_1_432' title='bbox 464 4258 510 4303; x_wconf 85' lang='lat' dir='ltr'>est,</span> <span class='ocrx_word' id='word_1_433' title='bbox 521 4258 613 4310; x_wconf 83' lang='lat' dir='ltr'>quanta</span> <span class='ocrx_word' id='word_1_434' title='bbox 628 4252 680 4298; x_wconf 86' lang='lat' dir='ltr'>dari</span> <span class='ocrx_word' id='word_1_435' title='bbox 696 4254 798 4301; x_wconf 82' lang='lat' dir='ltr'>solatiis</span> <span class='ocrx_word' id='word_1_436' title='bbox 829 4256 933 4317; x_wconf 71' lang='lat' dir='ltr'>lllyrici·</span> <span class='ocrx_word' id='word_1_437' title='bbox 943 4257 1016 4304; x_wconf 83' lang='lat' dir='ltr'>habet</span> <span class='ocrx_word' id='word_1_438' title='bbox 1023 4258 1175 4304; x_wconf 84' lang='lat' dir='ltr'>solummodo</span> <span class='ocrx_word' id='word_1_439' title='bbox 1186 4258 1280 4319; x_wconf 59' lang='lat' dir='ltr'>agesti.</span> 
     </span>
     <span class='ocr_line' id='line_1_51' title="bbox 266 4316 797 4379; baseline 0.015 -22"><span class='ocrx_word' id='word_1_440' title='bbox 266 4319 325 4379; x_wconf 18' lang='lat' dir='ltr'>*qut</span> <span class='ocrx_word' id='word_1_441' title='bbox 336 4319 434 4366; x_wconf 70' lang='lat' dir='ltr'>operam</span> <span class='ocrx_word' id='word_1_442' title='bbox 444 4325 514 4359; x_wconf 79' lang='lat' dir='ltr'>strum</span> <span class='ocrx_word' id='word_1_443' title='bbox 532 4327 612 4363; x_wconf 72' lang='lat' dir='ltr'>mne</span> <span class='ocrx_word' id='word_1_444' title='bbox 626 4316 713 4364; x_wconf 81' lang='lat' dir='ltr'>locant.</span> <span class='ocrx_word' id='word_1_445' title='bbox 748 4318 797 4365; x_wconf 83' lang='lat' dir='ltr'>De-</span> 
     </span>
    </p>
   </div>
   <div class='ocr_carea' id='block_1_12' title="bbox 0 0 1476 4750">
    <p class='ocr_par' dir='ltr' id='par_1_22' title="bbox 0 0 1476 4750">
     <span class='ocr_line' id='line_1_52' title="bbox 0 0 1476 4750; baseline 0 0"><span class='ocrx_word' id='word_1_446' title='bbox 0 0 1476 4750; x_wconf 95' lang='lat' dir='ltr'> </span> 
     </span>
    </p>
   </div>
  </div>
 </body>
</html>
