2942 4750
244 160 347 236 lxxvi
620 139 969 229 PR'AEFATIO.

109 463 116 473 ⁸
239 406 251 467 χ
278 362 372 446 ²Sed
398 364 582 467 preterire
597 378 684 438 ‘non
710 384 866 461 possum
892 360 1011 435 virum
1034 356 1208 432 omnibus
1233 356 1351 433 bonis

245 485 442 582 doctisque
453 482 628 571 flebilem,
646 480 767 566 nobis,
792 479 883 552 dum
908 468 1114 551 extremam
1134 473 1221 547 huic
1240 475 1350 571 operi

84 623 231 672 usum·
245 610 399 675 manuni
413 598 715 683 admovebamus,
741 596 915 668 luctuosa
934 588 1350 688 'morte'ereptum,‘M,
1398 678 1403 693 ι
1431 622 1436 630 ·

85 690 188 736 W*
244 718 431 793 ioannem
448 702 876 813 Hemesemdiuone,
918 706 1120 804 suemus,
1155 704 1352 779 iniussa

139 918 144 925 ,
245 832 284 906 in
301 827 512 906 scrutandis
525 836 566 901 et
590 827 643 900 nd
665 825 850 924 liquidum
872 822 1125 921 perducendis
1145 822 1255 895 rebus
1279 842 1349 920 pe·

195 988 198 995 »
237 945 374 1020 >tientia
402 941 701 1018 memorabilem:
740 939 986 1038 quiquidem
1011 947 1141 1012 nostra
1163 937 1347 1034 praedica·
1410 996 1419 1029 ,

243 1061 347 1134 'tione
375 1082 453 1133 non
477 1058 631 1155 indiget,
657 1080 776 1153 quum
801 1081 879 1129 suae
901 1079 987 1129 euin
1013 1053 1143 1127 litterae
1168 1062 1207 1126 et
1231 1074 1348 1127 aurea

130 1168 134 1175 ⁵
248 1176 440 1274 opusculo,
473 1173 646 1247 nimirum
678 1172 828 1246 selectae
860 1197 907 1244 ex
941 1170 1053 1244 reteri
1086 1169 1346 1257 Testamento,

247 1302 327 1365 tum
354 1315 402 1365 ex
431 1288 596 1387 profanis
625 1286 866 1388 scriptoribus
894 1286 1068 1371 historiae,
1096 1294 1134 1358 et
1152 1282 1283 1358 breves
1304 1285 1347 1358 in

248 1405 418 1482 Ouinium
452 1404 744 1501 Sallustiumque
783 1404 932 1488 notulae,
974 1401 1124 1475 abunde
1137 1424 1141 1433 ’
1156 1424 1348 1474 commen·

248 1521 351 1596 dent.
404 1520 466 1596 Ex
488 1518 546 1594 his
566 1521 647 1614 ejus
673 1518 934 1616 scriptisque
958 1517 1109 1590 minime
1126 1516 1348 1591 ambitiosus

243 1634 430 1713 doctrinm
456 1644 662 1711 ostentator
687 1634 865 1709 studiosae
885 1632 1090 1729 juventutis
1116 1628 1265 1706 utilitati
1282 1633 1347 1706 de·

249 1763 413 1841 voverat,
431 1763 562 1827 notum
580 1747 651 1825 erit
675 1750 847 1824 omanus
862 1774 940 1847 qua
955 1749 1017 1823 ille
1034 1747 1268 1845 antiquitatis
1281 1772 1348 1822 no

249 1868 340 1955 titia,
374 1892 488 1966 quam
518 1868 595 1942 acri
623 1875 661 1940 et
685 1866 816 1939 limato
839 1862 1004 1960 judicio,²
1020 1868 1142 1961 quoin⁴
1157 1863 1284 1938 solerti
1307 1865 1345 1937 in

249 1983 359 2055 rebus
376 1976 507 2054 ordine
530 1978 775 2076 disponendis
800 1978 1000 2077 prudentia
1021 1978 1205 2077 praeditus'
1226 1978 1345 2053 suerit.

250 2095 391 2184 Nobis,
402 2095 537 2192 quibus
553 2094 775 2169 suasistimo
797 2095 896 2169 illius
921 2096 1095 2170 convictu
1120 2094 1190 2168 frui
1216 2096 1345 2168 datum

249 2221 317 2299 est,
345 2211 456 2285 etiam
485 2208 703 2309 perspectus
731 2212 801 2286 fuit
827 2236 972 2285 morum
1004 2213 1085 2307 ejus
1118 2213 1275 2299 candor,
1308 2222 1346 2286 et

251 2328 366 2427 digna
396 2328 601 2405 litteratum
639 2326 867 2426 ingenuitate
900 2327 1128 2428 simplicitas,
1148 2339 1201 2402 *et
1215 2372 1218 2380 =
1232 2327 1344 2406 nullis

249 2453 415 2545 unquam
431 2441 688 2520 interturbatoe'
707 2443 900 2521 nubeculis
926 2446 1057 2522 frontis
1083 2445 1271 2542 animique
1290 2455 1344 2520 se·

249 2562 467 2649 multasset
493 2561 533 2635 in
559 2562 905 2659 magnagravitute
927 2562 1011 2635 vitae
1036 2561 1193 2636 comitas
1210 2562 1344 2656 jucun-

250 2678 415 2766 dissima,
434 2688 472 2752 et
489 2678 600 2751 obvia
615 2678 722 2752 votis·
733 2677 938 2752 amicorum
955 2678 1145 2764 sedulitas,
1160 2687 1198 2754 et
1215 2701 1344 2752 omnes

249 2794 410 2889 denique
442 2792 595 2866 virtutes
628 2819 711 2890 quae
753 2793 897 2866 animos
935 2793 1128 2867 bominum
1146 2794 1346 2869 «deducire

247 2915 416 3003 possunt,
435 2907 580 2980 sincera
592 2907 637 2979 in
648 2905 775 2980 Deum
789 2909 927 3006 pietate
943 2913 1183 2986 consecratae.

261 3021 375 3096 sed
391 3017 539 3120 longius
556 3019 804 3122 nos'abripuit
821 3023 956 3099 acerba
971 3027 1098 3101 amissi
1122 3029 1209 3102 talis
1236 3031 1343 3105 amici

247 3140 490 3216 recordatio.⁴
519 3138 606 3215 Jam
635 3142 684 3214 ad
710 3139 943 3240 propositum
971 3143 1206 3232 revertamur,
1231 3155 1270 3219 et
1295 3147 1344 3219 ad

196 3288 209 3298 ⁹
247 3258 332 3332 illos
350 3257 765 3332 doctorumhominum
792 3257 1008 3348 conuentus,
1035 3259 1259 3359 quosapud
1284 3287 1343 3336 me

247 3370 394 3445 habitos
423 3381 505 3445 e'sse
531 3373 745 3447 memoravi.
797 3374 855 3447 lbi
886 3385 992 3450 totus
1016 3385 1155 3451 attente
1189 3377 1341 3475 diligen·

246 3497 375 3584 terque
401 3485 529 3559 Livius
551 3487 738 3584 perlectus
763 3500 831 3578 est,
858 3492 969 3565 etde
993 3493 1237 3570 iis‘omnibus
1259 3517 1340 3591 quae

247 3599 412 3677 difficilia
436 3602 694 3693 occurrebant,
725 3603 883 3681 immin
912 3609 1130 3684 consilium:
1165 3609 1217 3682 ibi
1244 3607 1339 3685 note

244 3741 339 3818 quas
356 3744 426 3817 ego
443 3719 767 3811 concinnavemm,
784 3721 837 3798 itu
853 3724 984 3800 sedulo
996 3721 1188 3823 ‘expense'
1206 3736 1340 3800 retrac-

243 3846 342 3921 tatae,
372 3837 593 3926 emendata,
620 3840 793 3936 expolitae
813 3837 924 3929 sunt,
957 3852 1000 3916 ut
1028 3863 1096 3916 'eas
1130 3865 1336 3916 consensus

230 3952 412 4026 'omnium
422 3976 500 4027 non
512 3954 692 4052 probasse
704 3954 861 4053 scn'ptes
874 3958 1003 4056 magis,
1018 3982 1133 4056 quam
1146 3957 1337 4058 scripsisse

204 4165 207 4170 Α
244 4067 440 4143 rideretun
481 4069 596 4153 ‘Quid
621 4069 738 4143 ineis
765 4070 895 4161 intuiti,
922 4073 1014 4171 quid
1039 4075 1186 4149 efficere
1212 4075 1338 4149 consti

245 4180 430 4270 fuerimus,
449 4185 577 4258 lectori
589 4187 668 4280 jam
688 4185 875 4282 sigillatim
893 4190 1290 4288 debemus‘exponere.

1433 4358 1435 4452 l
