2942 4750
556 157 907 237 PRAEFATIO.
1137 162 1244 237 lxxix

18 343 50 479 ξ’
146 362 266 453 nitati,
293 362 371 439 duo
395 362 766 466 umescunt:
798 392 959 468 quorum
984 354 1244 461 Serbonicnm,

146 480 251 577 quod
268 479 407 578 primos
418 483 558 561 decem
574 483 688 559 libros
704 485 976 584 complectitur,
1002 485 1072 559 etsi
1096 512 1174 562 non
1190 514 1245 564 re·
1283 492 1287 498 ’

18 582 22 679 i
147 606 259 673 mota
275 598 468 673 netrrstatis
483 608 554 686 est,
568 624 618 674 ex
638 601 789 699 optimis
814 610 915 676 certe
939 600 1169 699 exscriptum
1193 603 1246 678 vi·

70 698 78 717 ⁹
146 713 276 787 detru:
303 713 356 787 its
380 713 539 790 fideliter
562 726 665 790 tenet
688 717 919 815 plerumque,
941 717 1007 792 ubi
1032 716 1185 792 codicoe
1207 718 1247 791 in

145 828 295 903 diversa
319 830 470 919 obeunt,
495 832 617 906 bones
636 857 817 931 verasque
842 832 1035 907 lectiones
1085 832 1246 908 Victori·

47 1022 59 1057 ,
144 968 237 1018 num
252 954 352 1020 totns
375 955 450 1021 tres
471 948 638 1022 decadas
658 947 783 1036 habet,
809 958 943 1045 preter
963 947 1189 1023 XXXIIImn
1203 948 1246 1022 li·

141 1060 264 1147 burm,
287 1071 327 1135 et
346 1064 458 1139 finem
480 1061 576 1151 XL,
598 1062 733 1161 quibus
756 1072 795 1138 et
820 1065 1024 1138 veterrimae
1044 1063 1139 1139 Livii
1167 1063 1246 1139 edi-

141 1174 263 1253 tiones
290 1177 553 1268 destituuntur,
584 1188 627 1253 ut
655 1204 770 1278 snpra
798 1180 1103 1257 observavimus
1140 1179 1371 1323 nori-Q1
1357 1199 1401 1247 hu·

140 1290 234 1365 tium
251 1317 353 1379 sane,
371 1302 409 1367 et
425 1295 562 1369 assutis
579 1319 680 1392 sepe
698 1296 748 1371 ab
765 1296 903 1369 audaci
920 1306 985 1370 aut
1000 1295 1100 1370 male
1112 1264 1371 1377 sedulami'f‘*

21 1438 26 1447 ·
141 1426 256 1483 manu
272 1408 493 1483 centonibus
520 1420 587 1483 aut
611 1409 924 1484 medicaminibus
944 1410 1245 1501 interstinctum,

141 1540 221 1593 non
235 1520 491 1619 spernendum
505 1530 644 1607 tamen,
661 1529 701 1595 et
715 1521 820 1618 quod
844 1521 1106 1620 quibusdam
1096 1546 1136 1599 m
1151 1523 1245 1599 locis

141 1632 266 1709 solum
281 1658 407 1709 reram
425 1634 521 1710 Livii
534 1634 757 1734 scripturam
771 1661 939 1712 servasse
951 1636 1133 1715 videatur.
1185 1636 1247 1713 lte

141 1749 519 1844 certejudicavimus,
535 1760 617 1827 tum
638 1751 738 1840 alibi,
757 1753 879 1828 tnml.
897 1752 1058 1828 ΧΧΙΙΙ.
1076 1776 1112 1832 e
1129 1758 1189 1828 30
1207 1761 1245 1827 et

142 1862 295 1941 XXIV
313 1872 374 1941 25.

188 1979 443 2061 Adhibuimus
459 2006 611 2082 quoque
628 1983 680 2058 ad
697 1992 825 2060 textus
842 1985 1127 2083 castigationem
1143 1982 1243 2085 prin·
1229 2006 1341 2120 -rumm
1324 2008 1396 2120 ιιι

140 2097 243 2195 cipes
259 2099 426 2174 omnium
442 2098 683 2175 humarum
704 2099 924 2188 editionum,
950 2102 999 2176 ab
1023 2102 1183 2177 Andrea
1206 2078 1341 2185 etissifm

140 2209 338 2307 Campano
354 2218 504 2285 curatas
506 2219 727 2307 ,utramque
743 2234 765 2283 e
777 2209 968 2287 ditissimo
983 2211 1095 2306 regiae
1111 2210 1243 2287 biblio·

140 2320 258 2400 thece
275 2346 374 2420 penu
390 2320 499 2396 nobis
516 2322 566 2396 ab
581 2320 730 2410 eodem,
748 2320 857 2415 cujus
868 2321 951 2417 jam
970 2321 1180 2419 impensam
1204 2321 1244 2398 in

138 2461 222 2526 nos,
240 2438 318 2516 sire
333 2436 458 2535 potius
473 2435 513 2511 in
538 2435 682 2514 litteras
705 2437 986 2535 promovendas
1011 2436 1243 2522 voluntatem

139 2550 388 2637 laudavimus,
408 2548 686 2626 classensis
710 2549 1017 2626 commodatam:
1043 2558 1241 2647 utramque
1318 2571 1320 2573 ·

139 2661 266 2748 utilem
297 2662 393 2742 Livii
421 2662 623 2761 interpreti.
675 2661 750 2738 Est
778 2671 907 2740 tamen
929 2661 1033 2738 unde
1056 2659 1241 2759 Campani

138 2777 254 2866 levior
264 2779 367 2878 apud
378 2802 449 2856 nos
462 2780 528 2854 fiat
537 2777 753 2869 auctoritas,
766 2778 831 2877 qui
841 2803 958 2877 quum
969 2777 1113 2877 aliquot
1124 2778 1239 2855 Leur.

139 2894 260 2970 Vallae
292 2896 528 2992 conjecturas
557 2893 769 2970 adsciscere
796 2917 876 2974 non
909 2893 1144 2984 dubitaverit,
1174 2918 1241 2993 per

138 3012 240 3088 hunc
266 3009 411 3086 silitum
438 3011 566 3086 sucum
592 3033 681 3086 vero
703 3033 855 3107 quoque
877 3020 916 3084 et
936 3010 1101 3107 genuino
1122 3007 1240 3086 colori

140 3124 255 3202 fidem
272 3124 418 3200 demsit.

191 3240 268 3316 Sed
286 3249 325 3313 et
342 3238 434 3312 alias
450 3260 600 3337 quoque
616 3260 695 3312 non
711 3238 765 3313 ita
776 3238 878 3314 fama
890 3238 1112 3327 celebratas,
1124 3237 1239 3335 pauc

139 3351 358 3427 vetustiores
384 3360 513 3426 temen
538 3348 722 3428 editiones
751 3348 933 3448 inspicere
964 3372 1043 3426 non
1075 3347 1238 3447 neglexi·

137 3490 242 3546 mus:
268 3492 340 3544 nec
356 3467 435 3541 sine
453 3466 577 3564 aliquo
593 3466 729 3542 fructu.
782 3464 871 3541 Hoc
896 3465 997 3541 enim
1021 3492 1124 3564 saepe
1148 3489 1238 3542 con·

138 3582 248 3680 tingit
278 3606 345 3680 per
376 3605 507 3655 eorum
542 3581 726 3672 incuriam
762 3580 828 3677 qru'
864 3605 1003 3658 novam
1041 3580 1239 3678 cujuslibet

139 3697 329 3796 scriptoris
345 3696 549 3772 editionem
564 3695 842 3793 procurandam
858 3697 1079 3795 suscipiunt,
1095 3705 1137 3769 ut
1152 3721 1237 3793 quor

139 3812 254 3890 semel
286 3812 463 3911 irrepsere
495 3811 636 3886 menda
666 3836 860 3910 numquam
892 3811 1140 3896 eliminentur,
1167 3810 1237 3884 scd

138 3956 205 4031 per
221 3928 433 4027 complures
450 3927 627 4026 deinceps
652 3926 849 4013 editiones,
875 3924 983 4024 quasi
1006 3925 1134 3997 locum
1150 3946 1237 4017 eum

137 4070 252 4145 quem
266 4043 382 4136 semel
398 4043 599 4143 possedere
615 4069 687 4120 usu
711 4042 888 4141 ceperint,
912 4048 1092 4139 perpetuo
1108 4046 1236 4116 tenere

137 4173 411 4262 propagentur:
437 4159 534 4261 quin
551 4168 589 4235 et
605 4169 746 4236 veteres
771 4156 928 4234 macule
953 4155 1061 4233 novis
1085 4154 1236 4255 insuper
