2942 4750
296 162 377 263 '210
484 186 487 191 '
654 214 658 219 ·
698 202 983 265 r1r1u1v11

152 376 180 422 υ.
193 376 219 423 c.
231 375 287 424 oss
314 362 460 438 redduci
470 363 504 425 in
514 363 694 444 triumphum
702 365 852 442 mavultis,
865 365 1009 443 Quirites,
1022 377 1051 431 et
1060 369 1098 430 de
1107 367 1275 432 aoeesmone
1280 367 1383 447 pone

152 442 182 484 Α·
194 439 220 486 ⁰·
234 440 287 489 ¹⁶⁷·
315 446 493 530 belli,quom
503 449 540 510 de
549 448 844 531 bellatriumpbari?
860 454 907 514 Et
916 452 1043 536 legiones
1052 454 1382 538 eulllyricolaureatae

315 533 415 595 urbem
425 532 553 611 inibant,
564 542 594 595 et
605 535 833 598 nawlessocii?
856 537 1065 603 Macedonica
1074 538 1379 621 legionessuoabro-

312 628 401 701 gato,
415 616 579 697 triumphas
590 619 708 682 alienos
717 622 918 700 spectabunt?
948 625 968 656 ¹⁹
981 622 1065 698 Quid
1074 625 1186 686 deinde
1195 635 1258 686 tam
1269 625 1379 704 opimae

310 704 436 784 prada,
452 710 515 762 tam
530 701 680 782 opulenta
693 706 827 768 victoria
839 709 946 788 spoliis
955 708 1043 786 fiet?
1069 707 1210 783 Quonam
1226 710 1378 770 abdentur

314 787 373 848 illa
395 795 439 848 tot
458 787 554 847 millia
576 808 734 864 armorum,
750 792 889 855 damaeta
907 793 1081 875 corporibus
1100 795 1253 857 bostium?
1275 814 1319 854 aa
1343 794 1379 854 in

314 870 531 933 Mandonion
545 872 758 936 remittentur?
783 877 851 949 Qua
870 877 956 961 signa
977 900 1081 954 aurea,
1097 901 1274 952 marmorea,
1291 877 1379 940 ebta-

315 975 383 1031 nea,
398 956 509 1018 tabulae
518 956 619 1037 picta,
631 960 763 1038 textilia,
777 971 894 1024 tantum
908 966 1029 1045 organi
1042 963 1155 1040 celati,
1169 975 1282 1027 tonitam
1293 963 1379 1038 auri,

313 1049 404 1103 tanta
417 1043 544 1121 pecunia
559 1044 673 1124 regia?
697 1047 748 1107 Aa
762 1056 859 1121 noctae,
874 1058 1028 1130 tanquam
1034 1050 1173 1131 furtiua,
1189 1051 1221 1111 in
1234 1049 1377 1111 ceramum

314 1126 581 1207 deportabuntur?
613 1128 698 1200 Quid
717 1131 797 1192 illud
815 1135 1016 1213 spectaculum
1036 1138 1211 1211 marimum,
1226 1133 1377 1196 nobilissi-

313 1231 380 1272 mas
400 1211 691 1295 opulentissimusque
704 1237 760 1276 rec
779 1226 892 1296 captas,
906 1218 960 1280 abi
980 1220 1090 1281 uictori
1104 1222 1221 1301 populo
1241 1220 1376 1282 ostende·

314 1293 390 1358 tur?
423 1295 507 1363 Quos
520 1297 647 1380 Syphax
660 1320 715 1360 rec
729 1310 842 1381 captus,
854 1305 983 1367 accessio
999 1306 1114 1367 Punici
1127 1306 1207 1378 belli,
1222 1324 1378 1366 mnesanas

302 1380 427 1463 ficerat,
437 1383 580 1464 plerique
592 1385 784 1448 merainimus.
822 1387 951 1451 Perseus
965 1410 1022 1451 rex
1034 1400 1150 1471 captus,
1165 1392 1334 1470 Phiiippus
1348 1398 1379 1451 et

315 1465 491 1529 Alexander
490 1469 560 1549 filii
572 1472 663 1553 regis,
680 1479 768 1533 tanta
784 1473 917 1549 nomina,
933 1474 1146 1537 subtrahentur
1159 1475 1292 1537 ciuitatis
1306 1496 1378 1536 ocu·

313 1552 396 1612 lise·
414 1552 518 1632 [psum
542 1553 584 1615 L.
604 1556 759 1632 Paullum,
787 1557 833 1621 bis
857 1559 1012 1635 consulem,
1036 1562 1208 1623 domitorem
1237 1559 1377 1632 Gracia,
1454 1576 1455 1625 ἒ

315 1636 446 1698 omnium
461 1638 541 1698 amali
555 1642 722 1719 conspicere
735 1644 836 1704 maan
851 1665 937 1707 curru
951 1646 1169 1729 ingredientem
1184 1655 1280 1709 overst.
1325 1644 1380 1707 Ad
1454 1660 1455 1663 ’

236 1718 239 1723 ’
315 1721 370 1783 icoc
386 1719 520 1801 fecimus
543 1725 697 1803 manaen,
712 1735 746 1789 ut
768 1727 884 1802 bellum,
899 1732 984 1810 ”per
1003 1734 1233 1814 quadriennium
1255 1731 1379 1814 ingenti

316 1807 408 1868 etiam
419 1809 534 1886 pudore
548 1819 650 1871 nostro
664 1819 803 1887 aarum,
815 1813 982 1894 perficemt.
1002 1819 1053 1879 cui
1061 1816 1377 1899 sortitoprovinciam,

315 1893 365 1952 cai
377 1893 584 1973 proficiscenti
592 1897 852 1978 presagientibus
870 1901 981 1963 animis
1001 1904 1160 1965 victoriam
1182 1901 1379 1983 triumphum·

317 1993 374 2055 que
388 1978 609 2053 destinavimus,
624 1981 655 2041 ei
675 1981 783 2043 uictori
803 1985 987 2065 triumphum
1007 1990 1174 2070 negaturi?
1205 1997 1237 2049 et
1255 1987 1379 2069 quidem

316 2078 377 2125 non
391 2060 523 2122 homines
537 2071 662 2139 tantum,
677 2067 731 2127 sed
745 2068 831 2130 Deos
852 2070 942 2131 etiam
963 2093 1016 2134 suo
1037 2075 1150 2135 nonore
1159 2071 1377 2156 fraudamini?

316 2143 392 2206 Diis
416 2165 533 2228 quoque
557 2148 644 2224 enim,
669 2171 728 2213 non
752 2155 842 2214 salum
867 2155 1064 2233 ''bominibns
1081 2161 1214 2222 debetur.
1268 2157 1378 2219 Utrum

315 2228 445 2310 mcq‘ores
458 2234 552 2294 uestri
564 2235 694 2297 omnium
708 2258 889 2320 magnaram
904 2261 999 2303 renam
1013 2252 1043 2305 et
1052 2245 1209 2324 principia
1224 2243 1325 2305 exorsi
1338 2241 1378 2304 ab
1445 2286 1453 2303 .

316 2314 393 2379 Diis
400 2325 478 2390 sant,
495 2319 658 2400 ”etlinun
668 2342 732 2383 cum
744 2331 936 2387 statuerunt?
955 2328 1075 2404 Commi,
1083 2328 1284 2411 prqiciscens,
1291 2348 1377 2410 pra-

315 2409 407 2477 torae,
423 2404 609 2483 ”paludatis
622 2406 784 2484 lictoribus,
801 2412 834 2471 in
842 2411 1023 2490 provinciam
1035 2425 1065 2477 et
1076 2417 1119 2476 ad
1128 2417 1245 2491 bellum,
1261 2425 1331 2477 noca
1344 2416 1378 2477 in

319 2485 469 2566 Capitolio
482 2499 653 2570 nuncupat:
676 2494 779 2569 uictor,
791 2505 967 2576 perpetrato
981 2501 1090 2575 eodem,
1107 2502 1141 2563 in
1154 2501 1305 2581 Capitalia
1319 2501 1376 2562 tri·

315 2573 461 2651 umpbans
472 2575 515 2633 ad
525 2577 641 2636 eosdem
655 2578 750 2652 Deos,
763 2579 868 2659 quibus
882 2592 952 2642 uota
966 2587 1158 2666 nrrncapaoin
1172 2588 1281 2649 merita
1297 2587 1376 2648 dona

242 2675 247 2684 ¹
309 2654 420 2733 populi
435 2656 567 2716 Romani
581 2660 721 2722 traduo‘t.
739 2683 819 2740 pars
833 2668 1028 2730 nanminimo
1039 2671 1377 2752 triumpbiestviclima’
1454 2677 1455 2710 ³

310 2739 530 2815 praecedentem·
559 2750 593 2801 ut
615 2743 774 2824 adpareat,
790 2748 868 2809 Diis
883 2761 988 2831 grates
1008 2765 1147 2837 agentem
1167 2757 1376 2840 mperatum

315 2819 353 2884 ob
381 2822 590 2901 rempublicam
616 2824 688 2888 bene
707 2839 826 2910 gestam
849 2834 959 2899 redire.
999 2839 1107 2903 Omnes
1132 2843 1204 2904 illas
1231 2842 1416 2918 animust·
1454 2847 1455 2867 ¹

217 2971 224 2990 Ι
316 2908 337 2941 ⁰⁴
347 2924 423 2986 qaas
435 2908 639 2971 traducendas
655 2912 687 2972 in
704 2912 859 2994 triumpho·
872 2918 1046 3000 vindicavit,
1062 2927 1142 2987 alias
1156 2929 1220 2989 alia
1234 2929 1378 3006 cadente,
1454 2941 1455 2946 ’

314 2999 453 3053 mactate.
476 2992 547 3055 illas
560 2994 677 3074 quidem
692 3000 798 3077 epulas
811 3011 939 3083 serratus,
955 3028 1022 3088 qaae
1035 3032 1088 3073 nec
1097 3015 1224 3091 priuato
1239 3014 1312 3088 loco,
1325 3034 1378 3074 nee

311 3074 430 3154 publico
450 3075 589 3157 profana,
616 3083 721 3145 sedin
745 3085 896 3166 Capitolio
921 3093 1058 3171 eduntur,
1074 3099 1203 3159 “mmm
1229 3099 1377 3161 bomiwm

313 3160 475 3242 aabcptotis
488 3184 604 3240 caussa,
617 3186 659 3227 un
670 3167 806 3230 Deorum
817 3172 1034 3259 bominumque,
1047 3191 1171 3243 auctore
1180 3183 1246 3246 Ser.
1258 3183 1377 3262 Galba,

313 3244 467 3309 turbaturi
480 3249 577 3310 estis?
600 3250 641 3313 L.
659 3252 769 3317 Paulli
790 3257 936 3339 triumpho
953 3275 1051 3342 qmrtoe
1067 3269 1272 3330 claudentur?
1309 3269 1379 3332 Rea
1429 3281 1442 3303 ³

315 3327 516 3395 Macedonum
542 3335 669 3399 Perseus
693 3360 758 3402 cum
783 3343 883 3407 liberis
910 3356 940 3408 ct
968 3351 1057 3412 turba
1085 3354 1152 3414 alia
1178 3356 1378 3436 captiuorum,

346 3465 378 3512 89
396 3466 458 3522 Quid
473 3470 552 3518 ddum
571 3477 618 3518 tam
638 3477 719 3534 optma
734 3480 829 3537 moda,
862 3484 1005 3540 Gronovius,
1031 3490 1154 3547 paludatas
1174 3505 1227 3537 cum
1251 3492 1377 3538 lictoribus.

313 3532 361 3576 tam
372 3532 483 3590 opulento
493 3538 595 3581 victorio
604 3539 682 3596 spoliis
685 3541 729 3600 flet
738 3542 764 3604 i]
778 3543 830 3588 Me·
862 3546 920 3592 vid.
932 3555 982 3593 not.
994 3551 1033 3596 46,
1044 3555 1075 3598 ed
1086 3555 1102 3599 l.
1115 3555 1184 3601 XLI.
1197 3569 1217 3600 c.
1231 3555 1268 3601 10·
1408 3607 1413 3616 ,

312 3594 360 3639 rito
387 3597 496 3643 rescribit
517 3600 652 3647 Gronovius
680 3608 727 3649 tam
753 3608 829 3664 optma
893 3609 925 3655 94
942 3610 1005 3665 Qum
1031 3617 1179 3663 traducendas
1206 3620 1232 3662 tu
1259 3619 1378 3679 triumpho

309 3657 409 3715 prada:
425 3663 547 3717 quomodo
564 3670 588 3707 et
605 3665 670 3710 dedit
681 3666 793 3727 Sigonius
803 3669 828 3713 in
861 3672 997 3738 umbravit]
1015 3677 1111 3724 Vitium
1123 3682 1288 3727 manifestum.
1306 3684 1378 3728 'Gm-
1440 3706 1450 3729 ο

312 3721 508 3776 manucensis,
520 3731 581 3771 teste
593 3727 706 3774 Hearnio
861 3738 948 3783 novius
969 3741 1099 3801 legendum
1121 3752 1199 3804 putat,
1221 3759 1277 3804 quar
1298 3745 1380 3791 trata-

344 3784 376 3830 90
393 3785 443 3830 Pcr
453 3787 640 3852 quadrimatum]
659 3791 713 3838 Imo
724 3809 769 3854 pcr
784 3797 827 3840 tri·
859 3800 939 3845 eandm
949 3802 975 3848 im
989 3806 1105 3865 triumpho
1121 3809 1219 3853 meant:
1236 3810 1295 3855 ossis
1306 3810 1379 3862 belle»

312 3848 414 3893 mlum.
446 3846 803 3904 Vinnot.7.adc41.infrn.
859 3865 970 3911 simodo
986 3870 1135 3928 intelligatur
1154 3871 1253 3916 Paullus
1265 3873 1379 3917 victimas

313 3953 319 3962 ,
344 3910 533 3957 ultroneitate
548 3913 646 3960 aetemr.
677 3918 764 3966 Utrum
778 3937 827 3968 ma·
859 3940 907 3972 non
927 3933 1000 3976 ruodo
1019 3935 1178 3980 traducendas
1198 3936 1224 3979 ln
1242 3936 1378 3995 triumpho,

305 3973 381 4035 jarer]
400 3975 480 4021 Scribe
488 3987 544 4021 curn
551 3977 687 4025 Gronovius
704 3982 760 4028 Diis
771 3999 824 4044 quo-
856 3993 897 4036 ιω
908 4000 933 4038 et
945 3997 1086 4051 prebendas
1097 3999 1194 4043 locasse.

311 4049 354 4094 que
365 4039 435 4093 enim,
447 4051 491 4084 non
503 4040 576 4085 smum
590 4039 718 4090 horninibus
733 4046 824 4094 dcbctsm
887 4054 919 4101 95
938 4057 1025 4104 Utrum
1044 4059 1163 4106 bominum
1180 4062 1303 4120 uoluptatis
1321 4075 1377 4106 rau·

311 4100 451 4160 iriumpbui·
482 4100 589 4164 Major&
597 4107 673 4149 vetiti·
855 4130 889 4170 sa,
901 4133 932 4164 an
943 4120 1037 4166 deorum
1056 4123 1228 4186 bominumque]
1247 4125 1303 4170 Non
1321 4126 1377 4172 haee

343 4161 375 4210 92
392 4164 505 4222 Etflacm
523 4181 575 4213 nem
590 4171 731 4233 emturum]
750 4171 826 4220 Nem·
857 4181 950 4228 sincera
959 4185 1028 4229 nobis
1036 4187 1155 4232 videntur.
1179 4187 1379 4247 Forumlegeoe

312 4225 417 4278 podeon.
858 4246 995 4303 possimus:
1029 4262 1075 4293 non
1103 4251 1222 4296 bonnm
1250 4252 1379 4313 Mummio

344 4284 377 4354 98
396 4286 519 4338 Paludetir
544 4293 675 4360 lictoribus]
704 4297 826 4348 Emendat
856 4309 1193 4364 mmocddeorumbanorls·
