2942 4750
297 200 351 259 Sfl·
614 218 618 224 ’
690 192 798 254 ΤΙΤῙ
825 192 960 254 mvn

134 372 269 425 norm
295 372 362 428 tres
389 361 567 429 tuomum«
605 358 691 424 Huc
715 357 756 423 sb
784 378 852 422 uno
872 378 1003 425 csnwrs
1031 375 1128 444 opsrs
1155 359 1270 439 ωε,
1293 384 1364 429 caru

133 432 203 490 Η·
217 436 272 492 ¹⁷⁴
297 466 415 538 magns
437 448 541 537 protis
565 445 764 510 colonorum.
810 442 959 510 Moribus
980 465 1107 533 quoque
1129 448 1274 534 regendis
1294 449 1366 515 dili·

295 544 417 624 genset
430 553 536 598 severs
550 550 684 596 ceusurs
697 531 768 596 fuir.
789 530 898 596 multis
913 531 987 619 equi
1000 532 1129 598 ademti.

339 620 474 688 xxvii
482 619 506 683 l.
529 618 628 682 Exitu
651 637 752 703 prope
770 618 848 681 anni
869 618 954 683 diem
970 640 1071 684 unum
1093 617 1282 703 supplicatio
1306 621 1365 688 ruit

295 709 338 772 ob
353 728 402 770 res
418 722 568 789 prospere
589 716 693 791 gestas
713 704 748 767 in
773 703 933 787 Hispanis
953 703 1053 770 ductu
1074 706 1278 791 auspicioque
1300 710 1364 796 Ap.

297 791 424 858 claudii
446 791 665 874 proconsulis:
692 804 725 854 et
748 790 918 876 majoribus
940 790 1050 855 hostiis
1072 791 1184 874 viginti
1206 792 1363 859 sacrifica·

294 890 375 943 tum.
404 876 588 940 stulterum
611 877 695 941 diem
719 877 909 959 supplicatio
931 878 1001 941 ⁴⁷ad
1017 878 1153 955 Cereris,
1170 876 1292 957 Liberi,
1308 879 1365 945 ii·

293 962 443 1049 bsraeque
470 963 540 1037 luit,
568 962 654 1048 quod
676 985 716 1026 ex
746 961 873 1026 Sabinis
898 975 992 1028 terroe
1023 976 1126 1028 motus
1152 965 1183 1027 in
1209 986 1264 1028 ens
1289 987 1363 1031 cum

294 1048 403 1112 multis
417 1048 625 1113 oediliciorum
641 1048 740 1112 ruinis
756 1049 921 1113 nunciatus
936 1062 1012 1114 erat.
1058 1050 1168 1127 Quum
1184 987 1248 1135 dp.
1265 1051 1364 1118 Clau·
1434 1066 1441 1079 “

293 1134 366 1199 dius
391 1156 432 1198 ex
463 1132 624 1219 Hispania
655 1135 794 1198 Romam
824 1133 965 1215 redisset,
996 1136 1138 1201 decrevit
1166 1150 1303 1215 senatus,
1329 1149 1365 1203 ut

293 1242 391 1285 orans
415 1221 537 1285 urbem.
552 1220 658 1285 iniret.
702 1216 776 1283 Jam
799 1221 977 1285 consularia
998 1223 1126 1287 comitia
1152 1221 1344 1306 adpetebant
1352 1248 1362 1300 ς
1380 1224 1411 1273 ’ἱ

293 1306 419 1394 quibus,
452 1326 577 1395 magna.
595 1307 799 1370 contentione
826 1305 944 1371 habitis
969 1320 1100 1391 propter
1126 1309 1382 1374 multitudinem·
1449 1372 1458 1393 ‚

334 1394 479 1471 lentium,
510 1393 608 1457 creati
638 1392 679 1458 L.
710 1393 892 1457 Postumius
920 1395 1056 1459 Albinus
1077 1406 1109 1459 ct
1133 1394 1183 1459 Μ.
1207 1395 1363 1480 Popillius

355 1500 420 1545 nas.
467 1481 625 1545 Praetores
647 1477 722 1542 inde
742 1475 829 1557 facti,
852 1483 874 1513 ⁴⁸
884 1478 926 1544 N.
945 1481 1071 1545 Fabius.
1085 1481 1201 1561 Buteo,
1219 1481 1269 1545 M.
1286 1481 1360 1547 Ma·

292 1566 406 1643 lienus,
431 1566 468 1628 C.
491 1566 660 1643 Cicereius,
686 1565 734 1628 M.
758 1566 872 1630 Furius
896 1567 1056 1652 Crassipes
1079 1568 1204 1643 iterum,
1229 1569 1269 1631 A.
1293 1569 1360 1632 Ati·

291 1651 353 1717 lius
369 1654 524 1718 Serranus
546 1652 673 1725 iterum,
692 1650 731 1715 C.
749 1652 882 1715 Cluvius
904 1653 1026 1717 Sarma
1041 1655 1167 1717 iterum.
1212 1653 1359 1718 Comitiis

291 1736 449 1825 perlectis,
467 1741 525 1822 Ap.
541 1736 694 1800 Claudius
711 1737 848 1815 Centho,
864 1759 906 1801 ex
922 1739 1089 1803 Celtiberis
1105 1761 1200 1802 ovans
1215 1762 1314 1825 quum
1327 1740 1360 1804 in

290 1827 402 1890 urbem
419 1825 522 1901 iniret,
539 1824 677 1887 “decem
694 1823 792 1886 millis
812 1826 921 1908 pondo
942 1827 1076 1912 argenti,
1091 1826 1232 1911 quinque
1256 1826 1356 1891 millis

289 1914 359 1975 nuri
381 1914 413 1975 in
437 1913 585 1975 aerarium
602 1907 683 1973 tulit.
729 1909 862 1972 Flamen
878 1910 982 1974 Dialis
1004 1913 1211 1995 inauguratus
1233 1924 1282 1976 est
1297 1912 1359 1980 Cn.

292 1996 471 2061 Cornelius.
516 1997 639 2060 Eodem
656 2016 741 2058 anno
764 1995 872 2059 tnbula
888 1998 919 2058 in
943 1995 1066 2059 aedemy
1085 1997 1200 2059 Matris
1218 1997 1355 2063 Mututae

128 2096 258 2144 Taburnus
291 2100 362 2146 curn
387 2081 491 2145 indice
512 2081 574 2145 hoc
596 2082 698 2165 posito
721 2092 794 2165 cstt·
812 2084 861 2144 Ti.
878 2083 1049 2162 Sempronii
1074 2082 1211 2145 Gracchi
1230 2085 1362 2149 connatis

126 2160 274 2270 ff‘ffl‘fi'
290 2167 415 2250 imperio
435 2168 628 2251 auspicioque
641 2169 722 2250 legio
742 2168 945 2250 exercitioque
963 2167 1076 2249 populi
1096 2168 1234 2230 Romani
1249 2168 1362 2233 Sardi·

124 2231 374 2351 Gffissffininm
388 2254 515 2338 subegit.
545 2256 579 2318 in
595 2276 631 2316 eo
651 2255 813 2336 provincia
834 2254 965 2315 hostium
983 2274 1062 2315 caeso
1085 2264 1140 2316 out
1159 2263 1251 2335 capta
1265 2274 1360 2337 supra

125 2352 180 2400 sita
287 2341 440 2428 octogiuta
455 2342 565 2405 millio.
609 2340 781 2422 Republica
789 2336 974 2419 felicissime
983 2349 1083 2422 gestu,
1100 2343 1120 2373 ⁶⁰
1131 2349 1223 2423 utque
1244 2338 1358 2406 liberu-

286 2430 328 2494 tis
342 2427 536 2513 vectigalibus
554 2431 571 2467 l
589 2428 749 2502 restitutis,
765 2427 926 2488 exercitum
945 2428 1060 2489 solmam
1076 2435 1168 2510 alque
1183 2429 1357 2492 incolumem

279 2514 490 2597 plenissimum
507 2514 619 2595 praedo
641 2515 759 2574 domum
774 2511 953 2591 reportavit.
984 2514 1091 2574 itenua
1114 2513 1357 2595 triumphantia

286 2598 389 2662 urbem
407 2599 540 2661 Romam
562 2597 663 2658 audiit.
711 2596 807 2676 Crp'us
827 2598 873 2657 rei
894 2617 969 2681 ergo
987 2598 1067 2660 lianc
1088 2599 1222 2660 tabulam
1247 2601 1355 2663 donum

285 2682 360 2749 Jour'
373 2684 469 2745 dedu.
513 2680 670 2743 Sardinioe
684 2678 797 2741 insulae
817 2678 919 2744 forma
940 2696 1017 2757 erut,
1033 2695 1128 2768 atque
1149 2681 1181 2746 in
1204 2704 1242 2746 ea
1256 2683 1355 2747 simu-

285 2766 372 2830 lacra
386 2785 568 2851 pugnarum
592 2764 686 2845 picta.
732 2762 874 2827 Munera
893 2749 1106 2851 gladiatorum
1129 2777 1168 2831 eo
1189 2787 1275 2831 anno
1296 2769 1355 2833 sti-

285 2864 365 2937 quot
378 2872 477 2936 parva
491 2849 552 2914 alia
568 2847 662 2923 data;
687 2869 786 2912 unum
802 2862 875 2930 ante
890 2865 994 2917 cetera
1008 2855 1132 2940 insigne
1145 2853 1207 2917 fuit
1221 2853 1264 2918 T.
1280 2855 1306 2919 F
1307 2857 1353 2920 ls-

285 2937 409 3015 miniui,
435 2935 522 3022 quod
549 2936 657 2998 mortis
680 2957 789 2999 caussa
816 2936 914 3019 patris
940 2941 999 3018 sui,
1018 2942 1121 3004 ”cum
1148 2940 1354 3005 visceratione

284 3022 444 3110 epuloque
465 3034 498 3087 et
519 3020 602 3085 ludis
623 3022 764 3097 scenicis,
787 3024 992 3108 quatriduum
1014 3025 1113 3091 dedit.
1142 3026 1280 3113 ⁵²magni
1305 3039 1353 3091 ta·

283 3132 360 3174 men
373 3108 514 3174 muneris
534 3130 571 3171 ee
592 3128 716 3171 summa
737 3106 806 3185 fuit,
831 3124 866 3173 ut
887 3131 945 3195 per
968 3111 1109 3175 triduum
1131 3113 1300 3198 “quatuor
1320 3127 1352 3179 et

281 3196 485 3282 septuaginta
498 3193 643 3258 homines
656 3194 839 3281 pugnarint

660 3298 679 3334 a
810 3304 829 3339 s
959 3303 978 3340 s

697 3383 769 3431 ioedc
780 3385 854 3431 Gran.
867 3384 935 3432 Crev.

315 3487 347 3535 it
362 3486 403 3534 Ari
424 3488 523 3544 Cereris
545 3487 631 3544 Liberi,
652 3488 795 3552 Ltberoepoe]
861 3491 892 3538 51
912 3491 973 3538 Cum
992 3492 1151 3557 obtentione]
1170 3492 1228 3542 vid.
1245 3499 1295 3541 uot-
1306 3495 1347 3543 Si.

281 3550 376 3598 Edem.
389 3551 771 3601 viduoslu.adt111.c.55s
829 3555 1003 3603 ad‹l.Vlll.c
1017 3558 1055 3605 22.
1158 3601 1159 3604 ,
1345 3601 1347 3608 .

313 3612 346 3664 48
365 3617 497 3665 Numerius
517 3617 616 3681 Fabius]
645 3618 728 3679 Vulgo
751 3617 795 3666 Cu.
861 3619 1076 3683 &magstrum
1084 3615 1350 3687 muneriqlnillornu·
1389 3681 1392 3686 ἱ

281 3677 376 3727 Fabius.
394 3681 501 3728 Mutavit
514 3682 632 3743 Sigonius.
830 3699 897 3740 nere,
913 3689 980 3746 quod
995 3699 1113 3747 magnum
1135 3688 1184 3733 illis
1202 3688 1352 3748 temporibus

313 3743 345 3792 49
367 3745 453 3792 Decem
482 3747 557 3793 millio
584 3747 661 3806 poncio
693 3745 798 3810 argenti]
827 3744 965 3810 judicatum
974 3759 1020 3803 est.
1031 3753 1202 3797 tantummodo
1211 3757 1351 3811 quatuor«

282 3807 378 3858 mma·
389 3816 507 3856 nostrates
526 3810 611 3857 iscus
630 3811 736 3872 Quinque
746 3811 798 3858 mll-
831 3817 984 3876 septuaginta
995 3816 1105 3863 homines
1115 3829 1159 3875 prr
1170 3816 1279 3862 triduum
1289 3827 1351 3876 pug-

279 3869 381 3921 lloourl.
415 3873 592 3922 Marcntutt.
605 3876 719 3924 rrnciasls
829 3886 925 3925 narunt.
960 3880 1079 3939 intelligit
1096 3879 1181 3927 Livius
1197 3880 1243 3926 hoc
1259 3893 1351 3926 munus

311 3939 344 3986 50
364 3937 442 3999 Atqui
467 3939 569 3985 liberatis
595 3939 752 4000 oecngnlllun
774 3945 797 3986 ct
828 3944 1349 4002 magnumtllooevovisumesse,ssdntbil

278 4003 407 4062 rsipuldcoe
433 4001 558 4065 restitutis]
587 4003 695 4049 Lilsrcta
727 4005 796 4050 verti·
828 4006 859 4050 ad
873 4007 910 4053 sui
922 4010 1038 4069 temporis
1054 4009 1179 4068 prosumni
1195 4008 1353 4068 msgrufleeu·

274 4067 341 4125 golia
366 4068 539 4128 interpretatur
566 4068 703 4113 Gronovius
729 4069 797 4114 salvs
827 4067 1190 4133 tiam‚sirepotiusvesauisnr.
1274 4093 1278 4100 ·

277 4129 371 4176 redditu
381 4133 470 4191 populo
482 4129 601 4185 Romano,
618 4144 674 4190 quar
690 4131 796 4179 defecto·
860 4132 894 4180 58
911 4135 1015 4190 Quotam
1034 4143 1056 4184 ct
1078 4139 1226 4198 septuaginta
1246 4136 1350 4184 lucrm

276 4203 316 4237 res
326 4202 469 4241 averterunt.
504 4193 552 4242 lire
564 4207 644 4249 voces,
656 4196 795 4256 ctrclpulli·
823 4201 968 4265 pugnamus]
992 4202 1039 4248 Hic
1058 4202 1176 4247 mutilum
1193 4213 1245 4247 esse
1256 4201 1347 4247 librum

275 4263 316 4327 fc,
328 4255 447 4304 debentur
455 4259 559 4319 Sigoulo.
592 4255 729 4306 Gronovius
737 4273 794 4308 con-
825 4261 955 4310 credimus.
989 4264 1103 4325 Nnnqus
1114 4278 1145 4311 ex
1156 4267 1263 4326 epitome
1270 4260 1347 4326 nujus

271 4318 329 4379 Jicit
340 4334 348 4366 s
365 4321 473 4380 suduosis
483 4323 603 4370 wmarus.
825 4325 880 4373 libri
891 4335 991 4390 apparet
1001 4326 1100 4377 Livium
1117 4329 1143 4375 ln
1153 4341 1184 4376 eo
1194 4330 1255 4389 legis
1266 4327 1348 4379 voso-
