2942 4750
409 196 505 256 ΜΒ.
525 195 634 255 XLIV.
658 196 756 258 CAF.
774 197 872 257 XLII.
1116 205 1172 258 tos

104 360 249 445 primum
271 357 348 448 fog'a
367 357 654 425 Macedonum'est
673 372 754 425 orta.
797 358 914 424 ”Nam
928 355 1011 423 sicut
1021 360 1171 446 pleraque
1179 375 1209 446 ll.
1217 374 1313 424 caat

107 463 198 509 nova
220 460 399 538 conuenta
420 445 599 509 mortalium
623 445 657 508 in
681 446 786 511 verbis
811 446 874 509 vim
900 443 1029 523 habent,
1044 440 1313 532 ”expe-ww

104 531 232 608 tiendo,
258 551 356 616 quom
379 530 441 617 agi,
467 552 543 606 non,
568 531 833 616 quemadmodum
857 541 1005 615 agantur,
1032 531 1169 608 edisseri,

104 629 249 701 oportet,
263 617 331 678 siue
349 615 416 678 ullo
439 614 552 679 effectu
575 629 783 691 munescunt3
805 618 850 680 ita
872 627 941 678 tum
964 614 1124 699 elephanti
1137 620 1171 682 iu

105 704 177 766 acie
190 703 210 735 ³¹
223 722 338 763 nomen
358 710 482 765 tantum
498 702 565 764 siue
587 723 647 764 usn
667 702 806 766 fueram.
850 698 1103 784 Elephantorum
1121 704 1171 766 in·

103 799 219 871 petum
243 786 401 849 subsecuti
426 796 501 848 sunt
523 785 600 849 socii
622 787 761 849 nominis
786 786 900 862 latini,
920 785 1171 871 pepuleruntque

104 874 227 935 loevum
248 892 359 935 cornus
403 870 442 933 lu
464 871 570 935 medio
585 872 727 950 ¹secunda
750 871 834 956 legio
857 871 985 934 inmissa
1007 865 1303 956 dissiparitnsgmtm

103 957 311 1043 pbalangem.
341 977 364 1019 n
405 977 445 1019 ue
473 956 540 1018 ulla
574 955 749 1020 evidentior
781 977 891 1020 caussa
923 957 1063 1022 victoris
1096 958 1167 1036 fuit,
1177 950 1328 997 macedones

104 1054 207 1129 qnam
229 1042 315 1127 quod
339 1063 392 1105 mu
406 1054 439 1105 ta
460 1041 577 1125 passim
601 1041 714 1127 proelia
737 1042 840 1123 erant3
865 1061 938 1126 quoe
962 1042 1169 1110 fluctuantem
1221 1091 1227 1098 -

105 1131 280 1193 tmbarunt
293 1127 407 1210 primo,
422 1125 537 1190 deinde
551 1126 740 1213 disjecerunt
760 1127 967 1212 phalangem:
990 1130 1079 1213 cnjus
1093 1149 1169 1194 oon·

103 1212 199 1278 fcrtae
212 1223 244 1275 et
257 1213 387 1276 intentis
401 1211 559 1277 horrentia
573 1213 670 1278 hastis
684 1211 896 1278 intolerabiles
906 1211 988 1276 vires
1003 1223 1087 1278 sunt.
1133 1215 1169 1280 Si

103 1298 244 1384 carptim
268 1296 484 1386 adgrediendo
504 1297 717 1385 circumagere
731 1295 947 1361 ”inmobilem
972 1295 1170 1384 longitudine

105 1397 140 1448 et
168 1383 322 1470 gravitate
348 1382 472 1446 hastam
501 1404 606 1465 cogas,
635 1384 766 1448 confusa
795 1395 881 1446 strue
910 1381 1117 1468 inplicantur:
1142 1385 1168 1448 si

103 1490 186 1554 vero
199 1473 271 1531 ants
279 1468 321 1531 ab
336 1467 442 1544 latere,
458 1479 515 1532 aut
528 1472 568 1532 ab
582 1481 673 1554 tergo
690 1470 730 1533 ali
755 1468 810 1531 uid
831 1467 986 1532 tumultus
1000 1469 1166 1555 increpuit,

103 1555 210 1619 ruinoe
224 1555 319 1617 modo
331 1553 512 1617 turbantur.
534 1553 615 1618 sieut
628 1567 696 1618 tum
713 1492 860 1617 adversus
869 1555 1051 1619 catervatim
1062 1555 1168 1619 incur·

106 1654 213 1704 rentes
229 1639 402 1715 Mutunus,
418 1651 450 1702 et
464 1639 641 1724 interrupta
660 1639 862 1703 multifarium
884 1640 961 1717 acie,
977 1641 1104 1705 obviam
1122 1640 1169 1703 ire

105 1724 321 1824 cogebantur:
344 1736 375 1787 et
392 1724 538 1801 Romani,
555 1745 754 1811 quacumque
775 1725 850 1789 data
871 1724 1036 1788 intervalla
1054 1736 1167 1800 essent,

105 1809 453 1874 insinuabantur-dines
473 1829 557 1874 suos.
601 1812 677 1890 Qui,
693 1813 718 1874 si
735 1813 881 1875 universa
895 1811 962 1874 acic
976 1811 1009 1872 in
1029 1809 1168 1872 frontem

105 1895 256 1960 adversm
267 1896 451 1959 instructam
461 1893 650 1983 phalangem
666 1891 908 1976 concurrissent,
921 1894 1007 1981 quod
1020 1893 1168 1980 Peliguis,

104 1981 264 2068 principio
282 1997 400 2065 pugnae
420 1982 546 2045 incaute
566 1984 741 2070 congressis
762 1982 910 2047 adversus
924 1991 1081 2058 castratos,
1096 1999 1167 2044 eve·

105 2066 165 2144 nit,
180 2066 354 2129 induissent
368 2089 401 2130 se
415 2066 522 2144 hastis,
536 2089 596 2131 nec
609 2072 785 2132 consertam
801 2070 898 2134 aciem
915 2066 1145 2131 sustinuissent.

148 2151 256 2216 xun.
280 2151 431 2214 Ceterum
445 2153 527 2215 sicut
541 2153 682 2234 peditum
696 2155 814 2237 passim
835 2153 939 2216 caedes
958 2152 1088 2229 fiebant,
1105 2151 1166 2215 nisi

103 2237 162 2321 qui
190 2235 317 2320 abjectis
345 2237 440 2299 armis
468 2239 638 2321 fugenmt3
672 2240 717 2300 sie
742 2239 897 2320 equitatus
920 2257 1021 2318 prope
1044 2239 1166 2321 integer
1174 2250 1303 2326 punietur

103 2341 216 2406 pugna
250 2320 392 2383 exemit.
437 2320 589 2402 Princeps
622 2321 708 2406 fugae
743 2341 801 2383 rex
832 2322 900 2402 ipse
932 2331 1009 2381 erat.
1045 2321 1112 2402 jam
1147 2312 1316 2388 ansgeriu-

105 2404 338 2491 Pydna⁸⁸cum
363 2405 458 2465 sacris
486 2402 545 2465 alis
611 2405 715 2465 uitam
747 2402 866 2464 Pellam
895 2404 1040 2482 petebat:
1062 2383 1218 2463 “oon-⁸¹²·

101 2490 210 2554 testim
226 2487 378 2549 Costocus
392 2488 580 2570 sequebatur
687 2505 855 2569 sarnmque
868 2484 1036 2569 equitatus.
1057 2496 1170 2553 oeterae

102 2594 236 2660 quoque
262 2570 477 2635 Macedonum
501 2570 561 2633 alae
584 2571 714 2657 integris
740 2569 870 2633 abibant
890 2566 1074 2644 ordinibus3
1096 2570 1171 2656 qnia

53 2706 64 2726 .
103 2660 271 2745 interjecta
297 2657 439 2741 peditum
467 2657 559 2731 acies,
584 2659 674 2742 eujus
701 2655 802 2719 cedes
827 2655 960 2720 victores
989 2655 1168 2733 enatasse,

369 2784 430 2839 faut
441 2794 487 2841 del.
499 2794 572 2840 Gron.
585 2794 653 2841 Crev.
719 2797 732 2837 t
743 2792 907 2841 secutores.

138 2925 170 2972 29
186 2923 253 2970 Nos
263 2924 323 2969 sicet
328 2921 448 2983 pleraque]
461 2922 493 2967 Ut
506 2923 620 2981 pleraque
652 2921 823 2982 legebaturin
833 2918 1075 2979 montfanc-t
1107 2919 1165 2968 Mu.

105 3000 171 3035 nora
190 2988 288 3035 iuventa
304 2986 453 3033 mortalium
465 2986 516 3031 vim
532 2986 620 3031 habere
651 2986 712 3031 tavit
733 2985 858 3045 Sigouiuas
874 2990 957 3029 utrum
974 2989 1046 3036 rem,
1064 2996 1097 3029 un
1112 2997 1166 3043 per.

105 3053 226 3104 ridentur,
237 3050 352 3110 quamdiu
365 3049 441 3094 verbis
453 3049 620 3094 tantummodo
651 3062 745 3107 perenn
762 3061 811 3093 non
829 3046 988 3100 deceruimus,
1004 3058 1082 3104 quum
1100 3051 1167 3093 totus

101 3112 241 3176 jactantur3
266 3112 308 3157 ssd
326 3113 368 3158 ubi
384 3113 416 3157 ad
436 3124 488 3156 rem
510 3118 619 3165 rentum,
651 3112 777 3165 illelmus,
789 3109 932 3159 utdtaimus
946 3109 1034 3154 innot.
1047 3107 1085 3154 29.
1098 3110 1167 3155 nobis

105 3176 409 3237 qurunoportstwnou
426 3174 523 3221 m
541 3174 620 3219 solum
652 3173 907 3221 videaturallcuussb
921 3173 986 3218 cain
1001 3184 1077 3231 quam
1091 3172 1166 3217 insu-

105 3242 227 3303 quomodo
236 3241 266 3286 iis
276 3239 381 3289 tarmus
392 3244 498 3291 uterum,
509 3238 561 3281 sins
570 3238 621 3282 ullo
652 3243 693 3283 tus
702 3244 740 3284 est
751 3237 891 3283 nmatione·

14 3296 21 3313 ⁵
50 3280 59 3303 ⁹
107 3292 555 3350 essonevanecuut....caerum
572 3306 622 3344 tota
685 3300 717 3350 32
737 3299 879 3346 Inimolilem
901 3299 1080 3364 ....lmslom]
1103 3300 1166 3347 llas-

109 3368 162 3413 ltoec
172 3366 284 3429 periodus
293 3367 352 3424 quid
365 3358 412 3411 ilbi
429 3365 488 3409 velit
498 3365 543 3409 boc
559 3362 621 3415 loco,
654 3369 713 3416 mm,
725 3377 781 3422 quta
791 3362 822 3408 ob
832 3362 1007 3422 longitudlnem
1023 3368 1047 3408 et
1062 3365 1166 3425 μανίαι.

106 3430 319 3490 pmrmvflemus.
353 3427 622 3487 Nmneqnsetepasn.
653 3433 704 3472 tem
721 3427 791 3473 neus
807 3428 899 3472 mermi
917 3426 1008 3485 amant
1042 3426 1096 3474 Hoc
1111 3429 1166 3476 ideo

108 3500 190 3540 torum
211 3505 270 3541 uun
290 3493 317 3539 in
337 3486 426 3551 praeliis
450 3504 541 3537 novum
563 3496 621 3536 tunc
653 3496 775 3543 nummus,
797 3490 854 3549 quia
877 3490 1012 3536 Gronovius
1036 3491 1166 3550 legendum
1206 3546 1208 3549 ι

107 3562 273 3603 commentum
297 3555 436 3601 mortalium
461 3556 542 3600 haberi
568 3560 621 3614 pot·
653 3566 705 3599 csse
726 3559 807 3599 censet
827 3553 912 3607 Melae,
935 3559 962 3598 ut
984 3549 1011 3599 el
1030 3554 1171 3603 immobilem

107 3626 171 3666 eretz
197 3632 241 3665 nac
260 3620 372 3665 videntur
393 3616 481 3663 nomen
502 3619 554 3664 siue
575 3631 621 3663 uso
652 3614 774 3663 reseratur
791 3617 821 3662 ad
846 3617 998 3676 phalangem.
1031 3616 1083 3663 Nos
1106 3618 1166 3665 nihil

107 3683 372 3743 munemne
406 3681 623 3728 lmoooutmlum
654 3687 786 3727 mmet.

108 3746 167 3791 satis
192 3746 310 3792 indicatur
335 3746 443 3804 proxime
468 3745 622 3805 sequentibus
685 3745 719 3791 83
735 3744 797 3792 Cum
806 3744 950 3807 Sortealo]
963 3744 1166 3794 Vtunottuad

109 3810 199 3855 serbiss
220 3809 399 3871 Elephantorum
421 3810 530 3869 impetum
550 3808 624 3854 nebe-
653 3806 766 3853 lxm.
779 3822 799 3854 c.
811 3808 850 3855 86.
863 3822 941 3868 supra.

107 3874 157 3919 eso
177 3876 233 3918 tuat
252 3874 307 3919 roell
327 3872 426 3917 mininis
443 3871 532 3917 Latini.
566 3870 623 3916 Non
686 3870 719 3917 st
735 3870 860 3934 constatior
887 3870 994 3919 Coetoem
1023 3866 1166 3931 mqsnlotur]

108 3950 174 3997 agre
182 3937 253 3983 nobis
262 3935 398 3995 persuaderi
408 3942 545 3993 pateamus
557 3935 624 3983 illam
655 3933 776 3983 Emendat
786 3936 838 3984 lae.
850 3937 993 3987 Gronovius,
1004 3932 1122 4005 mrpfuttm
1131 3942 1168 3975 cce

109 4000 237 4060 periodum
252 4014 282 4047 ex
297 4000 345 4045 alio
360 3999 440 4056 aliquo
459 3998 511 4043 loco
526 4000 574 4044 huc
590 4004 624 4043 te·
657 3997 726 4057 Cotys
737 4000 873 4058 spaciatur.
906 3999 1016 4045 Firmaut
1032 3996 1095 4039 hauc
1110 4005 1167 4038 eon·

110 4065 344 4173 tmffitlt‘*
366 4061 622 4116 '⁰⁶¹²⁰⁸'“¹¹⁵‘⁰¹¹”’
651 4057 842 4186 wal*
858 4056 1168 4181 rnlttfttt'tt:

141 4189 174 4236 ³0
189 4184 457 4250 Esperlendolllnicus
481 4188 555 4234 codex
580 4188 622 4235 ha·
653 4201 734 4234 saritur
756 4189 812 4243 fult,
832 4192 864 4233 nt
880 4188 1025 4231 eonsutex
1047 4194 1067 4227 c.
1090 4182 1128 4230 st.
1150 4186 1167 4234 l.

108 4251 163 4299 uult
172 4252 288 4313 αγὶεηᾱο.
320 4251 606 4299 Emendavit'lirmebus.
654 4252 737 4298 XLll.
750 4264 829 4312 supra.
1140 4254 1147 4277 ”

139 4315 171 4366 st
188 4317 282 4363 Nomen
294 4319 383 4363 tostum
398 4317 447 4362 elne
462 4313 622 4378 censuerant]

690 4384 754 4440 ΜΞ
