2942 4750
32 1802 33 1805 =
87 1772 243 1817 eatinmveri·

244 169 282 225 cii
633 156 947 226 DISPUTATIO

246 329 281 395 Si
295 331 380 394 enim
395 335 535 393 servetur
549 328 684 414 decupla
697 330 767 394 auri
782 330 820 393 ad
835 334 1002 417 argentum
1012 326 1190 412 proportio,
1202 326 1270 391 duo
1284 324 1344 392 do-
1437 316 1440 330 ’

244 417 325 479 narii
340 428 371 480 et
386 417 479 479 semis
492 436 533 479 ex
547 437 624 480 auro
638 437 728 500 parea
746 428 821 479 sunt
841 416 953 500 viginti
975 414 1115 499 quinque
1136 412 1276 477 denariis
1298 430 1343 479 ex
1435 449 1440 461 ·

244 514 387 587 argento.
431 500 520 565 Talis
534 522 612 589 ergo
625 501 685 564 suit
700 523 814 565 aureus
836 501 1016 564 Romanus:
1040 512 1081 575 et,
1098 498 1123 561 si
1138 499 1343 583 quando'de·

244 590 407 650 nariorum
423 609 591 650 aureorum
606 587 726 650 mentio
743 586 982 670 inscriptorum
1007 585 1227 648 Romanorum
1249 585 1344 649 libris

246 674 394 749 occurrit,
410 695 464 735 eos
485 673 643 736 existimat
657 672 840 736 Gronovius
860 671 1044 758 peregrinos
1062 666 1139 746 esse,
1155 681 1187 733 et
1208 670 1343 735 aliunde
1389 671 1396 689 ⁸

248 759 404 834 advectos,
420 779 487 820 non
503 758 617 821 Rome
632 778 806 840 percussos.

85 860 181 904 Aureus
196 859 240 901 At·
292 846 416 907 Aureus
443 844 566 906 Atticus
591 844 698 906 minor
728 844 876 907 Romano
902 841 970 919 fuit,
997 854 1029 906 et
1054 842 1189 906 duarum
1215 853 1343 905 tantum

85 922 217 967 ricardus-
247 929 470 993 drachmarum
482 929 607 1012 pondus
618 931 773 1013 aequabat.
818 927 1343 1014 Hicvocabatursimpliciterxgo·
1404 994 1410 1009 ,

85 985 236 1095 maen
247 1022 321 1088 σοῦς.
367 1014 469 1077 Fuere
483 1025 514 1076 et
530 1014 723 1077 drachmales
738 1014 836 1091 aurei,
847 1014 901 1099 qui
916 1014 1067 1100 ἣμίχςυσοι
1079 1011 1340 1078 nominabantur.

86 1111 241 1171 Comparatio
292 1100 432 1187 Cognito
447 1099 647 1184 antiquorum
662 1120 866 1163 nummorum
878 1098 1030 1183 pondere,
1039 1111 1071 1163 et
1084 1120 1193 1162 eorum
1209 1100 1342 1163 interae

85 1177 241 1284 ffffiffum
251 1186 381 1285 ratione,
397 1206 482 1248 nunc
497 1206 550 1247 eos
565 1206 637 1247 cum
659 1185 775 1247 nostris
797 1206 980 1270 comparare
994 1206 1074 1268 opus
1088 1197 1144 1247 est.
1191 1183 1244 1260 Et,
1260 1206 1341 1286 qup-

87 1316 210 1349 romeam
247 1292 334 1333 nram
350 1292 407 1332 nos
421 1271 589 1354 pecuniam
605 1292 668 1332 non
685 1270 903 1354 appendimus,
919 1270 1245 1346 sedannumeramus,
1261 1283 1294 1333 et
1308 1292 1342 1334 m
1396 1271 1399 1274 ’

88 1367 185 1414 natm.
249 1355 433 1440 quotidiana
447 1377 649 1419 nummorum
664 1356 861 1434 tractatione,
876 1374 942 1419 nnn
962 1355 1075 1419 marcis
1089 1368 1145 1418 aut
1159 1355 1261 1418 unciis
1275 1377 1341 1433 eos,

250 1441 304 1503 sed
320 1441 433 1504 libellis
448 1454 480 1505 et
494 1441 601 1505 solidis
619 1441 862 1513 Turonensibus
883 1442 1083 1520 aestimarnus,
1098 1440 1129 1503 id
1145 1441 1251 1526 primo
1265 1463 1343 1505 eon·

250 1525 417 1591 unitissimo
430 1527 615 1591 videbamur
628 1526 751 1604 facturi,
768 1528 793 1590 si
805 1539 923 1591 veteres
947 1542 1092 1590 nummos
1107 1526 1147 1589 ad
1162 1525 1341 1591 libellorum

251 1611 425 1677 solidorum
472 1635 489 1676 e
504 1613 741 1676 Turonensium
755 1634 899 1676 normam
917 1613 1126 1699 exigeremus.

88 1707 249 1752 autemnon·
296 1699 359 1763 Sed
374 1634 485 1761 abillo
507 1720 564 1761 noe
585 1698 718 1762 consilio
736 1698 857 1781 duplex
880 1698 1033 1761 deterruit
1055 1698 1239 1761 difficultas:
1262 1721 1338 1780 una,

88 1847 113 1879 m
133 1834 210 1881 sinu
252 1785 338 1868 quod
353 1805 437 1867 saepe
451 1785 535 1868 apud
550 1806 607 1846 noa
629 1786 672 1849 ita
688 1785 827 1869 jactatur
848 1805 1006 1861 nummus,
1023 1798 1086 1846 tam
1104 1783 1191 1846 varia
1205 1786 1342 1848 mama·

88 1848 220 1942 bellua·
251 1871 337 1933 tione
350 1869 504 1932 fluctuare
516 1868 657 1954 jubetur,
675 1882 711 1931 ut
732 1868 811 1935 nibil
833 1869 873 1931 de
891 1892 930 1933 eo
951 1870 1030 1932 certi
1052 1871 1145 1932 statui
1166 1884 1273 1954 queat,
1288 1882 1343 1934 aut

87 1960 231 2005 solidis'ru-
250 1952 336 2038 quod
356 1955 405 2015 vel
430 1954 462 2015 in
490 1975 588 2015 unurn
610 1955 739 2016 lbrtosse
764 1975 883 2016 annum
908 1956 978 2018 usui
1004 1977 1069 2018 esse
1093 1956 1209 2038 possit:
1232 1958 1339 2034 altera,

87 2023 236 2071 roneudbuc
274 2037 336 2099 nod
352 2058 392 2099 ex
408 2058 471 2122 quo
487 2059 536 2099 res
551 2039 730 2101 nummaria
751 2038 837 2122 apud
858 2060 916 2102 nos
937 2062 979 2103 ex
1000 2039 1151 2103 diuturna
1166 2042 1340 2126 agitatione

249 2059 445 2207 diquatenus
459 2123 610 2199 constitit,
622 2147 691 2187 eam
707 2124 869 2211 sequimur
891 2125 978 2190 Galli
998 2146 1174 2190 marcarum
1190 2146 1296 2189 aurea
1310 2139 1342 2190 et

250 2220 408 2296 argenteae
429 2209 680 2292 estimationem,
695 2234 769 2297 quae
783 2212 925 2274 multum
948 2210 1104 2299 discrepet
1124 2211 1165 2275 ab
1191 2234 1230 2275 eo
1255 2212 1340 2297 quod

249 2317 361 2359 verum
376 2308 408 2359 et
421 2298 593 2380 genuinum
609 2297 693 2381 apud
709 2298 875 2382 plerasque
891 2296 1031 2382 Europae
1045 2310 1153 2379 gentes
1162 2299 1230 2360 auri
1245 2309 1279 2360 et
1292 2319 1341 2361 an

251 2383 337 2468 genti
353 2383 491 2466 pretium
504 2382 659 2447 habetur:
683 2385 760 2446 adeo
775 2395 811 2447 ut
822 2405 938 2446 nornen
950 2383 1028 2447 illud
1041 2383 1219 2448 libellarum
1235 2384 1341 2448 Ture

252 2469 397 2532 nensium
413 2467 492 2531 salsa
508 2469 683 2533 blandiatur
697 2470 801 2553 specie
822 2470 991 2545 claritatis;
1015 2491 1049 2533 re
1064 2468 1189 2556 quidem
1207 2492 1282 2533 vera
1294 2492 1342 2534 er·

89 2569 187 2618 Aurum
198 2579 236 2612 ar-
250 2571 356 2618 rnrem
371 2555 477 2639 potius
491 2553 532 2616 sit
553 2554 840 2638 obscuritatemque
860 2556 1048 2638 pariturum.
1094 2554 1196 2619 Nobis
1209 2577 1289 2643 ergo
1302 2556 1343 2620 ad

88 2638 238 2741 fflmff
252 2641 394 2722 pondera
407 2639 652 2727 confugiendum
668 2640 738 2715 fuit,
754 2662 827 2724 quae
841 2653 873 2703 et
887 2642 1017 2704 minime
1029 2642 1162 2716 variant,
1177 2662 1237 2705 nec
1252 2642 1343 2727 quid-

61 2723 74 2803 J
88 2708 163 2808 513⁰
156 2710 243 2805 danae
253 2748 348 2812 quam
362 2726 481 2789 babent
495 2725 646 2812 ambigui.
691 2727 804 2810 Itaque
824 2725 953 2789 fecimus
964 2749 972 2788 t
996 2739 1037 2804 et,
1054 2748 1252 2814 quaecunque
1273 2727 1344 2790 auri

89 2812 424 2897 omiumre'argentive,
440 2811 505 2873 eive
526 2810 599 2873 facti
622 2823 677 2874 aut
703 2811 819 2886 infecti,
835 2813 901 2874 sive
927 2812 1042 2897 signati
1056 2833 1178 2876 summa
1199 2816 1232 2876 in
1248 2811 1344 2876 Livio

89 2893 181 2931 ΜΠ
190 2896 402 2970 e¹⁰·occurrit,
418 2916 488 2956 eam
511 2897 624 2957 marcis
647 2894 860 2976 seuselibris‚
877 2898 987 2974 unciis,
1010 2912 1070 2964 etc.
1116 2897 1345 2963 Parisiensibue

79 2951 178 3011 ‘m
254 2980 476 3044 aestimavimus
490 2979 529 3042 ad
545 3002 615 3043 eam
629 2981 782 3044 rationem
799 3003 871 3065 qnoe
886 3004 983 3066 supra
997 2982 1213 3047 demonstrata
1228 2998 1288 3049 est.

90 3083 133 3133 AEs
143 3099 192 3134 non
202 3086 245 3138 oe-
299 3066 360 3131 Seu
376 3067 409 3130 in
424 3087 487 3130 oere
501 3066 562 3129 alia
575 3067 667 3131 nobis
681 3066 821 3130 ineunda
837 3068 916 3130 ratio
937 3081 1013 3144 erat,
1028 3091 1070 3132 ne
1085 3069 1118 3130 in
1133 3068 1279 3132 eumdem
1295 3090 1345 3132 er·

88 3150 218 3228 ΜΕΝ·
256 3175 358 3217 rorem
374 3155 615 3230 incurreremus,
628 3153 683 3238 qui
699 3153 831 3238 Dujatio
844 3152 947 3217 fraudi
962 3154 1030 3218 fuit.
1076 3155 1186 3229 Quum
1201 3154 1287 3217 enirn
1302 3177 1345 3218 α

89 3228 152 3261 '¹¹⁸⁰
162 3228 193 3262 ⁶¹
255 3240 339 3326 apud
359 3240 521 3303 Romanos
535 3238 629 3325 longe
647 3239 740 3301 vilius
754 3252 833 3301 essct
847 3261 942 3324 quarn
956 3240 1041 3324 apud
1064 3261 1131 3320 nos,
1146 3255 1185 3304 ut
1204 3253 1291 3323 patet
1305 3262 1345 3303 ex

254 3326 402 3409 eoquod,
418 3326 472 3392 ubi
487 3325 625 3407 primum
641 3336 767 3387 moneta
782 3345 821 3386 ex
840 3338 971 3412 argento
991 3325 1065 3389 cudi
1085 3337 1191 3409 coepta
1206 3340 1263 3403 est,
1280 3325 1344 3388 sin-

240 3408 474 3558 mittit}
489 3409 1060 3560 litt?l.¹fl³t1.5;‘tll2⁸3,tt‘t3
1070 3519 1086 3558 r
1126 3424 1346 3561 wrm

252 3578 386 3665 Dujutio
402 3581 519 3646 lactum
535 3591 591 3656 est,
604 3578 707 3644 fallaci
718 3579 810 3643 nobis
825 3583 927 3665 specie
938 3580 1117 3645 divitiarum
1132 3519 1343 3666 impoberent‚

252 3677 285 3730 et
299 3663 491 3729 haberentur
506 3685 523 3727 a
538 3665 628 3727 nobis
644 3687 703 3749 pro
718 3666 770 3729 lon
795 3688 813 3729 e
836 3668 954 3752 majora
976 3689 1108 3744 summa,
1124 3690 1221 3753 quarn
1235 3668 1346 3753 quanti

90 3769 139 3816 seo
148 3768 231 3814 habita
244 3771 272 3814 a
289 3750 443 3814 Romanis
457 3750 503 3812 illl
525 3751 727 3815 taxabantur:
773 3689 884 3837 ltaque
907 3752 1084 3816 laciendum
1111 3755 1211 3817 visum
1236 3765 1294 3831 eet,
1308 3767 1345 3817 ut

90 3903 162 3944 nona

239 4006 285 4075 'in
302 4007 424 4083 marcis,
441 4010 552 4083 uncirs,
569 4018 628 4071 etc.
651 4008 773 4090 argenti
793 4008 1019 4073 Parisiensibus
1034 4010 1247 4074 redderemus.
1323 4027 1328 4037 ·

243 4113 247 4122 ’
296 4092 361 4154 Hic
375 4113 481 4176 operae
496 4093 630 4174 pretium
646 4111 711 4155 ease
724 4092 870 4156 ducimus
890 4094 1029 4158 tabulam
1044 4095 1195 4160 exhibere
1209 4094 1342 4159 indioern

183 4193 187 4197 ⁸
251 4174 430 4254 ponderum
460 4197 726 4261 nummorumque
748 4179 884 4240 maxime
905 4180 1092 4244 usitatorum
1119 4182 1203 4265 apud
1225 4191 1343 4254 termes

250 4259 324 4320 cum
336 4260 530 4341 ponderibus
546 4262 737 4328 nostratibus
752 4261 950 4333 collatorum.
998 4266 1100 4342 Fuere
1113 4287 1191 4350 ergo
1213 4264 1305 4330 nobis
1322 4311 1327 4322 .

89 3833 233 3908 *wlf*
253 3859 297 3902 aes
322 3857 387 3899 non
412 3838 445 3899 in
470 3857 512 3912 se,
529 3835 583 3899 sed
610 3836 717 3900 habita
742 3838 866 3919 argenti
888 3841 1279 3913 rationemstimaremum
1299 3851 1341 3914 et,
1438 3869 1439 3872 ¹

253 3922 339 4007 quod
361 3923 389 3985 ei
412 3920 453 3985 ad
475 3933 640 4022 argentum
660 3921 776 3985 collato
797 3925 933 4003 pretium
958 3924 1096 3987 Romani
1109 3938 1294 4000 statuerant,
1309 3923 1344 3987 id
1438 3943 1439 3953 ¹
