2942 4750
203 224 209 236 ·
279 180 358 267 lxiv‘
658 178 1004 269 PRAEFATIO.

277 392 335 479 est
357 390 526 488 nstituit
546 407 596 473 et
603 390 879 497 superuacuum
902 397 1017 471 videri
1036 387 1168 487 debet,
1193 401 1318 529 quum
1342 399 1382 478 id

272 518 355 613 jam
380 508 628 591 florentissimi
651 525 691 589 et
714 514 876 611 ingenio
883 522 922 587 et
944 502 1173 588 doctrina
1139 514 1206 588 vrri
1228 517 1384 646 egregie

277 631 524 739 prestiterim
575 626 653 706 Sed
674 640 717 704 ut
737 630 779 703 id
801 638 959 715 tentum,
987 620 1090 726 quod
1115 630 1266 741 proprie
1289 654 1417 721 nos

277 754 376 819 trum
400 756 469 833 est,
486 754 696 841 tangamus,
722 744 846 841 ipsum
871 744 1159 841 interpretandae
1176 747 1381 877 antiquitus

277 859 325 933 tis
351 884 486 933 munus
511 858 668 957 perutile
692 885 786 947 esse,
807 869 847 933 et
870 860 910 933 in
931 883 978 932 eo
998 884 1076 933 non
1098 862 1285 935 mernoriae
1316 886 1380 938 so

130 993 172 1033 ι’
276 961 366 1061 lum,
383 975 515 1071 qnod
505 975 566 1049 isti
577 975 765 1068 jactitant,
783 976 853 1049 sed
877 984 917 1048 et
930 974 1068 1071 ingenii
1088 1000 1133 1050 ac
1144 975 1278 1069 judicii
1293 977 1431 1053 lau·

118 1080 123 1089 ’
278 1088 318 1163 di
333 1090 459 1163 locum
475 1112 558 1163 esse
574 1089 850 1163 contendimus.

116 1210 146 1265 ιι
130 1222 234 1281 arten
328 1204 456 1278 Primo
471 1204 637 1302 quidem,
654 1203 687 1277 si
703 1213 888 1285 nocturne
914 1195 1123 1335 diurnaque
1138 1229 1253 1279 manu
1269 1206 1376 1281 Gre-

115 1283 235 1459 {uzni'sm
205 1283 269 1331 ⁸⁰²¹
276 1344 323 1393 ca
339 1319 548 1416 Latineque
563 1318 794 1416 exemplaria
804 1320 991 1394 versanda
1000 1321 1108 1395 sunt
1098 1321 1142 1393 ris
1152 1345 1219 1417 qur
1207 1314 1373 1395 laureae

115 1414 508 1533 ,twfflnpolunaris
526 1434 643 1509 decus
669 1434 856 1523 ambiunt3
882 1435 1000 1533 (quod
1021 1460 1091 1513 nos
1107 1459 1176 1532 pro
1193 1447 1296 1509 certo
1313 1462 1374 1512 su·

278 1576 380 1626 mere
408 1574 486 1626 non
515 1551 696 1624 vetabimt
720 1550 910 1624 rabiosula
930 1551 1169 1626 indoctorum
1190 1552 1376 1649 convicia)

280 1670 311 1745 si
328 1654 493 1757 sincerae,
511 1658 582 1742 nec
598 1669 685 1741 iiico
705 1666 949 1764 pigmentisve
971 1666 1172 1764 puerilibus
1188 1667 1374 1743 adultera·

280 1795 330 1860 te
346 1774 567 1884 eloquentie
583 1792 714 1880 gustus
730 1782 820 1859 inde
837 1782 1064 1857 hauriendus
1075 1792 1160 1871 εει;
1177 1807 1218 1855 ει
1207 1782 1302 1856 illa
1316 1808 1374 1857 sa·

278 1886 449 1977 lubribus
469 1898 619 1973 monitis
636 1897 687 1971 ad
706 1897 955 1972 instituendos
980 1918 1105 1971 mores
1120 1908 1158 1970 et
1172 1896 1372 1996 incoquere

265 2002 372 2085 'dum
386 2014 545 2085 honesto
560 2021 693 2123 pectus
708 2011 874 2091 maxime
895 2012 1042 2089 idoneis
1056 2014 1147 2089 foetn
1162 2022 1201 2086 et
1219 2015 1372 2109 gravida

278 2136 385 2201 sunt:
412 2125 497 2239 quis
511 2116 623 2239 neget
638 2116 773 2200 utilem
790 2150 873 2201 esse
898 2150 1027 2202 eorum
1043 2130 1207 2227 opernm,
1224 2153 1289 2226 qur
1278 2129 1372 2204 hos

276 2228 451 2316 omnibus
478 2242 620 2340 aperire
624 2241 834 2316 thesauros
854 2252 893 2317 et
912 2243 1102 2340 explicare
1124 2252 1310 2357 satagunt,
1336 2255 1372 2320 et

276 2357 450 2456 speciosa
464 2359 673 2457 eademqne
696 2357 807 2432 bone
832 2359 946 2456 tingis
962 2358 1180 2458 plenissima
1194 2350 1370 2437 musonis

278 2473 423 2552 facilius
438 2474 698 2572 intelligenda
706 2478 940 2573 proponeret
967 2471 1093 2551 Non
1083 2500 1124 2549 m
1138 2477 1241 2550 tenui
1255 2478 1372 2590 labor,

279 2588 424 2663 etiamsi
441 2579 562 2672 lenuis
579 2591 702 2663 futura
717 2591 836 2686 gloria
850 2600 919 2665 εει.

114 2718 286 2829 20·de
331 2705 415 2779 Nec
442 2705 649 2835 quidquam
674 2706 830 2780 attineat
854 2707 990 2795 dicere,
1013 2707 1144 2783 florem
1170 2708 1391 2806 quemdam

115 2787 250 2894 ιῗνιιῖιῗ
280 2841 412 2907 rerum,
429 2819 495 2916 qui
510 2820 551 2893 in
567 2839 714 2896 summo
739 2820 960 2949 plerumque
982 2823 1106 2910 haeret,
1123 2821 1246 2896 facile
1243 2822 1372 2932 colligi

116 2911 259 3022 ffif'
279 2953 406 3031 posse,
430 2934 607 3031 quamvis
632 2955 711 3007 non
735 2934 776 3008 in
796 2927 970 3010 intimam
1002 2938 1149 3012 illorum
1178 2949 1371 3012 auctorum
1439 3003 1440 3028 ,

116 3038 241 3086 ”mm
207 3049 534 3150 cognitionem
567 3049 838 3125 descendatur.
873 3075 949 3126 ac
963 3053 1125 3185 proinde
1152 3075 1372 3151 ειιρειιιιιιι

116 3168 248 3220 ‘ulmi
280 3189 391 3243 neam
406 3191 490 3242 esse
504 3164 717 3264 interpretis
729 3165 976 3256 sedulitatem,
993 3168 1058 3266 qui
1078 3169 1118 3243 in
1143 3168 1370 3265 syllabarum

263 3275 448 3396 apicibus
475 3281 710 3360 dimetiendis
735 3282 961 3371 immoretur,
988 3294 1027 3358 et
1046 3284 1195 3416 ignotos
1221 3284 1373 3359 rimetur

278 3391 508 3493 antiquitatis
528 3417 708 3471 recessus.
760 3395 902 3472 Nescit
917 3399 1081 3487 omnino,
1105 3399 1172 3510 qui
1197 3410 1372 3474 accurate

278 3509 372 3590 scire
387 3510 564 3606 negligit,
590 3521 656 3586 aut
679 3521 780 3586 certe
803 3535 937 3610 perum
959 3515 1007 3588 ab
1031 3514 1241 3611 ignorantis
1266 3516 1440 3636 abest

196 3649 206 3662 ¹
277 3622 372 3697 levis
393 3622 479 3697 illa
472 3624 813 3727 perfunctumque
845 3629 974 3703 extimi
994 3629 1107 3704 ιειιιι
1138 3620 1356 3707 corticisin

277 3738 441 3837 spectio,
465 3763 536 3814 nec
553 3747 631 3813 turn
648 3741 745 3815 ditat
767 3753 941 3833 mentem,
967 3769 1082 3843 quem
1102 3737 1370 3821 confidentium

278 3855 381 3941 alit,
370 3855 562 3954 mvianue
576 3849 735 3930 frontem
760 3868 889 3932 armet·
903 3860 1177 3936 inverecundia.
1230 3849 1307 3937 Sed
1331 3869 1373 3936 ct
1439 3911 1440 3914 =

276 3994 393 4066 quum
412 3972 538 4046 multa
554 3970 763 4046 etiamnum>
781 3997 805 4057 a
823 3972 955 4049 multis
979 3974 1116 4051 Latine
1130 3976 1260 4074 lingua
1280 3967 1372 4050 scri·
1439 3947 1440 4010 ι

276 4081 423 4169 bantur,
440 4107 557 4180 quum
574 4092 679 4157 tants
700 4079 750 4158 sit
773 4093 939 4159 vetennn
961 4086 1183 4186 scriptorum
1209 4086 1371 4162 auctori

277 4203 346 4281 tns,
377 4207 574 4273 uteorum
603 4198 723 4274 verbis
748 4199 1013 4300 sententiisque
1034 4229 1105 4279 sus
1130 4195 1307 4302 insignire
1331 4212 1373 4279 et
