<?xml version="1.0" encoding="UTF-8"?>
<!DOCTYPE html PUBLIC "-//W3C//DTD XHTML 1.0 Transitional//EN"
    "http://www.w3.org/TR/xhtml1/DTD/xhtml1-transitional.dtd">
<html xmlns="http://www.w3.org/1999/xhtml" xml:lang="en" lang="en">
 <head>
  <title>
</title>
<meta http-equiv="Content-Type" content="text/html;charset=utf-8" />
  <meta name='ocr-system' content='tesseract 3.04.00' />
  <meta name='ocr-capabilities' content='ocr_page ocr_carea ocr_par ocr_line ocrx_word'/>
</head>
<body>
  <div class='ocr_page' id='page_1' title='image "./tliviipatavinih05crevgoog/tliviipatavinih05crevgoog_0470.png"; bbox 0 0 2942 4750; ppageno 0'>
   <div class='ocr_carea' id='block_1_1' title="bbox 102 822 216 874">
    <p class='ocr_par' dir='ltr' id='par_1_1' title="bbox 102 822 216 874">
     <span class='ocr_line' id='line_1_1' title="bbox 102 822 216 874; baseline -0.053 0"><span class='ocrx_word' id='word_1_1' title='bbox 102 822 216 874; x_wconf 72' lang='lat' dir='ltr'>Quoedam</span> 
     </span>
    </p>
   </div>
   <div class='ocr_carea' id='block_1_2' title="bbox 101 1029 230 1126">
    <p class='ocr_par' dir='ltr' id='par_1_2' title="bbox 101 1029 230 1126">
     <span class='ocr_line' id='line_1_2' title="bbox 101 1029 230 1126; baseline -0.013 -0.346"><span class='ocrx_word' id='word_1_2' title='bbox 101 1029 230 1126; x_wconf 52' lang='lat' dir='ltr'>¹rlidndedita</span> 
     </span>
    </p>
   </div>
   <div class='ocr_carea' id='block_1_3' title="bbox 101 1134 1431 1233">
    <p class='ocr_par' dir='ltr' id='par_1_3' title="bbox 101 1134 1431 1233">
     <span class='ocr_line' id='line_1_3' title="bbox 101 1134 1431 1233; baseline 0.005 -28.073"><span class='ocrx_word' id='word_1_3' title='bbox 101 1157 220 1205; x_wconf 82' lang='grc' dir='ltr'><strong>ονοτ···</strong></span> <span class='ocrx_word' id='word_1_4' title='bbox 223 1136 313 1209; x_wconf 80' lang='lat' dir='ltr'>¹n‘s</span> <span class='ocrx_word' id='word_1_5' title='bbox 338 1136 558 1209; x_wconf 88' lang='lat' dir='ltr'>viderentur.</span> <span class='ocrx_word' id='word_1_6' title='bbox 611 1134 762 1229; x_wconf 90' lang='lat' dir='ltr'>Hujus</span> <span class='ocrx_word' id='word_1_7' title='bbox 766 1137 911 1233; x_wconf 86' lang='lat' dir='ltr'>generis</span> <span class='ocrx_word' id='word_1_8' title='bbox 937 1136 1079 1233; x_wconf 83' lang='lat' dir='ltr'>aliquot</span> <span class='ocrx_word' id='word_1_9' title='bbox 1105 1138 1278 1233; x_wconf 76' lang='lat' dir='ltr'>exempla</span> <span class='ocrx_word' id='word_1_10' title='bbox 1304 1162 1355 1211; x_wconf 78' lang='lat' dir='ltr'>re</span> <span class='ocrx_word' id='word_1_11' title='bbox 1430 1174 1431 1211; x_wconf 66' lang='grc' dir='ltr'><strong>ν</strong></span> 
     </span>
    </p>
   </div>
   <div class='ocr_carea' id='block_1_4' title="bbox 99 1393 255 1516">
    <p class='ocr_par' dir='ltr' id='par_1_4' title="bbox 99 1393 255 1516">
     <span class='ocr_line' id='line_1_4' title="bbox 99 1393 255 1516; baseline 0 -78"><span class='ocrx_word' id='word_1_12' title='bbox 99 1393 255 1516; x_wconf 54' lang='lat' dir='ltr'>Purppr&#39;umex·</span> 
     </span>
    </p>
   </div>
   <div class='ocr_carea' id='block_1_5' title="bbox 101 1534 224 1567">
    <p class='ocr_par' dir='ltr' id='par_1_5' title="bbox 101 1534 224 1567">
     <span class='ocr_line' id='line_1_5' title="bbox 101 1534 224 1567; baseline 0 0"><span class='ocrx_word' id='word_1_13' title='bbox 101 1534 224 1567; x_wconf 60' lang='lat' dir='ltr'>miltu-</span> 
     </span>
    </p>
   </div>
   <div class='ocr_carea' id='block_1_6' title="bbox 100 1587 197 1696">
    <p class='ocr_par' dir='ltr' id='par_1_6' title="bbox 100 1587 197 1696">
     <span class='ocr_line' id='line_1_6' title="bbox 100 1587 197 1696; baseline 0 -1"><span class='ocrx_word' id='word_1_14' title='bbox 100 1587 197 1696; x_wconf 72' lang='lat' dir='ltr'>cibeiri.</span> 
     </span>
    </p>
   </div>
   <div class='ocr_carea' id='block_1_7' title="bbox 262 122 984 204">
    <p class='ocr_par' dir='ltr' id='par_1_7' title="bbox 262 122 984 204">
     <span class='ocr_line' id='line_1_7' title="bbox 262 122 984 204; baseline -0.008 -1"><span class='ocrx_word' id='word_1_15' title='bbox 262 127 325 204; x_wconf 81' lang='lat' dir='ltr'>xiv</span> <span class='ocrx_word' id='word_1_16' title='bbox 637 122 984 201; x_wconf 86' lang='lat' dir='ltr'><strong>PRAEFATIO.</strong></span> 
     </span>
    </p>
   </div>
   <div class='ocr_carea' id='block_1_8' title="bbox 262 330 1421 434">
    <p class='ocr_par' dir='ltr' id='par_1_8' title="bbox 262 330 1421 434">
     <span class='ocr_line' id='line_1_8' title="bbox 262 330 1421 434; baseline -0.001 -25"><span class='ocrx_word' id='word_1_17' title='bbox 262 358 347 434; x_wconf 84' lang='lat' dir='ltr'>quae</span> <span class='ocrx_word' id='word_1_18' title='bbox 369 330 634 429; x_wconf 80' lang='lat' dir='ltr'><strong>incogitantem</strong></span> <span class='ocrx_word' id='word_1_19' title='bbox 663 332 811 408; x_wconf 87' lang='lat' dir='ltr'>Livium</span> <span class='ocrx_word' id='word_1_20' title='bbox 833 334 956 431; x_wconf 80' lang='lat' dir='ltr'>rapuit</span> <span class='ocrx_word' id='word_1_21' title='bbox 980 331 1179 433; x_wconf 77' lang='lat' dir='ltr'>instinctus</span> <span class='ocrx_word' id='word_1_22' title='bbox 1205 332 1363 430; x_wconf 83' lang='lat' dir='ltr'>quidam</span> <span class='ocrx_word' id='word_1_23' title='bbox 1413 342 1421 359; x_wconf 84' lang='lat'>&#39;</span> 
     </span>
    </p>
   </div>
   <div class='ocr_carea' id='block_1_9' title="bbox 171 446 1363 1118">
    <p class='ocr_par' dir='ltr' id='par_1_9' title="bbox 262 446 1363 1118">
     <span class='ocr_line' id='line_1_9' title="bbox 262 446 1363 549; baseline -0.005 -24"><span class='ocrx_word' id='word_1_24' title='bbox 262 449 377 525; x_wconf 83' lang='lat' dir='ltr'>studii</span> <span class='ocrx_word' id='word_1_25' title='bbox 394 449 433 520; x_wconf 90' lang='lat' dir='ltr'>in</span> <span class='ocrx_word' id='word_1_26' title='bbox 451 447 664 524; x_wconf 77' lang='lat' dir='ltr'>Romanam</span> <span class='ocrx_word' id='word_1_27' title='bbox 688 447 842 549; x_wconf 86' lang='lat' dir='ltr'>laudem</span> <span class='ocrx_word' id='word_1_28' title='bbox 867 446 1162 533; x_wconf 85' lang='lat' dir='ltr'>vehementioris,</span> <span class='ocrx_word' id='word_1_29' title='bbox 1181 446 1236 520; x_wconf 89' lang='lat' dir='ltr'>ita</span> <span class='ocrx_word' id='word_1_30' title='bbox 1250 457 1298 520; x_wconf 92' lang='lat' dir='ltr'>ut</span> <span class='ocrx_word' id='word_1_31' title='bbox 1313 448 1363 545; x_wconf 85' lang='lat' dir='ltr'>ip</span> 
     </span>
     <span class='ocr_line' id='line_1_10' title="bbox 263 561 1363 660; baseline -0.004 -22"><span class='ocrx_word' id='word_1_32' title='bbox 263 588 347 638; x_wconf 92' lang='lat' dir='ltr'>sum</span> <span class='ocrx_word' id='word_1_33' title='bbox 376 562 596 637; x_wconf 86' lang='lat' dir='ltr'>scribentem</span> <span class='ocrx_word' id='word_1_34' title='bbox 625 562 767 635; x_wconf 80' lang='lat' dir='ltr'>falleret</span> <span class='ocrx_word' id='word_1_35' title='bbox 794 563 914 658; x_wconf 87' lang='lat' dir='ltr'>pietas</span> <span class='ocrx_word' id='word_1_36' title='bbox 948 563 999 636; x_wconf 85' lang='lat' dir='ltr'>in&#39;</span> <span class='ocrx_word' id='word_1_37' title='bbox 1020 561 1190 660; x_wconf 89' lang='lat' dir='ltr'>patriam,</span> <span class='ocrx_word' id='word_1_38' title='bbox 1219 563 1363 635; x_wconf 87' lang='lat' dir='ltr'>blanda</span> 
     </span>
     <span class='ocr_line' id='line_1_11' title="bbox 263 676 1361 774; baseline -0.002 -21"><span class='ocrx_word' id='word_1_39' title='bbox 263 676 494 753; x_wconf 80' lang='lat' dir='ltr'>conciliatrix</span> <span class='ocrx_word' id='word_1_40' title='bbox 520 677 587 749; x_wconf 91' lang='lat' dir='ltr'>sui</span> <span class='ocrx_word' id='word_1_41' title='bbox 641 676 714 772; x_wconf 88' lang='lat' dir='ltr'>Illa</span> <span class='ocrx_word' id='word_1_42' title='bbox 728 701 807 750; x_wconf 92' lang='lat' dir='ltr'>non</span> <span class='ocrx_word' id='word_1_43' title='bbox 832 677 943 752; x_wconf 78' lang='lat' dir='ltr'>video</span> <span class='ocrx_word' id='word_1_44' title='bbox 960 701 1126 774; x_wconf 87' lang='lat' dir='ltr'>quonam</span> <span class='ocrx_word' id='word_1_45' title='bbox 1152 678 1281 751; x_wconf 75' lang='lat' dir='ltr'>colore</span> <span class='ocrx_word' id='word_1_46' title='bbox 1299 679 1361 751; x_wconf 90' lang='lat' dir='ltr'>de·</span> 
     </span>
     <span class='ocr_line' id='line_1_12' title="bbox 263 766 1360 890; baseline 0 -23"><span class='ocrx_word' id='word_1_47' title='bbox 263 794 379 868; x_wconf 87' lang='lat' dir='ltr'>sendi</span> <span class='ocrx_word' id='word_1_48' title='bbox 393 790 554 888; x_wconf 83' lang='lat' dir='ltr'>possint,</span> <span class='ocrx_word' id='word_1_49' title='bbox 576 817 661 887; x_wconf 85' lang='lat' dir='ltr'>quae</span> <span class='ocrx_word' id='word_1_50' title='bbox 687 766 822 867; x_wconf 84' lang='lat' dir='ltr'>sedulo</span> <span class='ocrx_word' id='word_1_51' title='bbox 848 803 886 866; x_wconf 87' lang='lat' dir='ltr'>et</span> <span class='ocrx_word' id='word_1_52' title='bbox 915 793 1071 868; x_wconf 87' lang='lat' dir='ltr'>dedita</span> <span class='ocrx_word' id='word_1_53' title='bbox 1070 818 1184 890; x_wconf 80' lang='lat' dir='ltr'>opera</span> <span class='ocrx_word' id='word_1_54' title='bbox 1212 793 1360 867; x_wconf 89' lang='lat' dir='ltr'>silentio</span> 
     </span>
     <span class='ocr_line' id='line_1_13' title="bbox 171 887 1359 1060; baseline 0.002 -81.17"><span class='ocrx_word' id='word_1_55' title='bbox 171 887 428 1060; x_wconf 29' lang='lat' dir='ltr'>&amp;tramisit</span> <span class='ocrx_word' id='word_1_56' title='bbox 447 915 645 1002; x_wconf 88' lang='lat' dir='ltr'>propterea</span> <span class='ocrx_word' id='word_1_57' title='bbox 668 908 772 1003; x_wconf 92' lang='lat' dir='ltr'>quod</span> <span class='ocrx_word' id='word_1_58' title='bbox 798 932 930 1004; x_wconf 91' lang='lat' dir='ltr'>parum</span> <span class='ocrx_word' id='word_1_59' title='bbox 955 908 1214 981; x_wconf 89' lang='lat' dir='ltr'>honorifica</span> <span class='ocrx_word' id='word_1_60' title='bbox 1185 933 1262 985; x_wconf 85' lang='lat' dir='ltr'>srve</span> <span class='ocrx_word' id='word_1_61' title='bbox 1283 908 1359 981; x_wconf 90' lang='lat' dir='ltr'>Ro·</span> 
     </span>
     <span class='ocr_line' id='line_1_14' title="bbox 216 1015 1357 1118; baseline 0.002 -25.087"><span class='ocrx_word' id='word_1_62' title='bbox 216 1015 382 1093; x_wconf 72' lang='lat' dir='ltr'>Limanae</span> <span class='ocrx_word' id='word_1_63' title='bbox 398 1020 518 1115; x_wconf 85' lang='lat' dir='ltr'>genti,</span> <span class='ocrx_word' id='word_1_64' title='bbox 536 1020 613 1094; x_wconf 85' lang='lat' dir='ltr'>sive</span> <span class='ocrx_word' id='word_1_65' title='bbox 634 1021 861 1118; x_wconf 90' lang='lat' dir='ltr'>quibusdam</span> <span class='ocrx_word' id='word_1_66' title='bbox 886 1022 1114 1095; x_wconf 82' lang='lat' dir='ltr'>celeberrimi</span> <span class='ocrx_word' id='word_1_67' title='bbox 1130 1022 1293 1096; x_wconf 90' lang='lat' dir='ltr'>nominis</span> <span class='ocrx_word' id='word_1_68' title='bbox 1309 1021 1357 1095; x_wconf 83' lang='lat' dir='ltr'>vi·</span> 
     </span>
    </p>
   </div>
   <div class='ocr_carea' id='block_1_10' title="bbox 181 1250 1356 2038">
    <p class='ocr_par' dir='ltr' id='par_1_10' title="bbox 263 1250 752 1349">
     <span class='ocr_line' id='line_1_15' title="bbox 263 1250 752 1349; baseline 0.002 -26"><span class='ocrx_word' id='word_1_69' title='bbox 263 1251 355 1324; x_wconf 85' lang='lat' dir='ltr'>ferre</span> <span class='ocrx_word' id='word_1_70' title='bbox 371 1274 493 1348; x_wconf 81' lang='lat' dir='ltr'>operae</span> <span class='ocrx_word' id='word_1_71' title='bbox 509 1250 668 1349; x_wconf 84' lang='lat' dir='ltr'>pretium</span> <span class='ocrx_word' id='word_1_72' title='bbox 683 1261 752 1324; x_wconf 89' lang='lat' dir='ltr'>est.</span> 
     </span>
    </p>

    <p class='ocr_par' dir='ltr' id='par_1_11' title="bbox 260 1363 1356 2038">
     <span class='ocr_line' id='line_1_16' title="bbox 314 1363 1356 1464; baseline 0.005 -27"><span class='ocrx_word' id='word_1_73' title='bbox 314 1363 508 1461; x_wconf 86' lang='lat' dir='ltr'>Polybius,</span> <span class='ocrx_word' id='word_1_74' title='bbox 526 1366 705 1440; x_wconf 84' lang='lat' dir='ltr'>acerrimo</span> <span class='ocrx_word' id='word_1_75' title='bbox 716 1366 862 1460; x_wconf 90' lang='lat' dir='ltr'>judicio</span> <span class='ocrx_word' id='word_1_76' title='bbox 878 1376 916 1440; x_wconf 91' lang='lat' dir='ltr'>et</span> <span class='ocrx_word' id='word_1_77' title='bbox 936 1367 1151 1464; x_wconf 88' lang='lat' dir='ltr'>inconupta</span> <span class='ocrx_word' id='word_1_78' title='bbox 1166 1369 1241 1441; x_wconf 88' lang='lat' dir='ltr'>fide</span> <span class='ocrx_word' id='word_1_79' title='bbox 1257 1392 1356 1442; x_wconf 90' lang='lat' dir='ltr'>com·</span> 
     </span>
     <span class='ocr_line' id='line_1_17' title="bbox 209 1475 1354 1585; baseline 0.004 -32.2"><span class='ocrx_word' id='word_1_80' title='bbox 209 1475 462 1555; x_wconf 85' lang='lat' dir='ltr'>mendatus</span> <span class='ocrx_word' id='word_1_81' title='bbox 488 1482 656 1579; x_wconf 85' lang='lat' dir='ltr'>scriptor,</span> <span class='ocrx_word' id='word_1_82' title='bbox 674 1506 812 1585; x_wconf 81' lang='lat' dir='ltr'>magua</span> <span class='ocrx_word' id='word_1_83' title='bbox 837 1507 927 1556; x_wconf 90' lang='lat' dir='ltr'>cura</span> <span class='ocrx_word' id='word_1_84' title='bbox 951 1483 1148 1580; x_wconf 82' lang='lat' dir='ltr'>perpendit</span> <span class='ocrx_word' id='word_1_85' title='bbox 1171 1482 1276 1557; x_wconf 87' lang='lat' dir='ltr'>initio</span> <span class='ocrx_word' id='word_1_86' title='bbox 1293 1484 1354 1558; x_wconf 92' lang='lat' dir='ltr'>lib.</span> 
     </span>
     <span class='ocr_line' id='line_1_18' title="bbox 181 1585 1355 1694; baseline 0.003 -25.228"><span class='ocrx_word' id='word_1_87' title='bbox 181 1585 339 1670; x_wconf 40' lang='lat'>¹²⁰⁰&amp;111</span> <span class='ocrx_word' id='word_1_88' title='bbox 363 1621 536 1694; x_wconf 85' lang='lat' dir='ltr'>quaenam</span> <span class='ocrx_word' id='word_1_89' title='bbox 559 1622 683 1670; x_wconf 81' lang='lat' dir='ltr'>causae</span> <span class='ocrx_word' id='word_1_90' title='bbox 706 1596 792 1670; x_wconf 91' lang='lat' dir='ltr'>belli</span> <span class='ocrx_word' id='word_1_91' title='bbox 816 1596 950 1671; x_wconf 89' lang='lat' dir='ltr'>Punici</span> <span class='ocrx_word' id='word_1_92' title='bbox 973 1597 1128 1672; x_wconf 89' lang='lat' dir='ltr'>secundi</span> <span class='ocrx_word' id='word_1_93' title='bbox 1151 1598 1297 1685; x_wconf 84' lang='lat' dir='ltr'>firerint,</span> <span class='ocrx_word' id='word_1_94' title='bbox 1319 1609 1355 1672; x_wconf 91' lang='lat' dir='ltr'>et</span> 
     </span>
     <span class='ocr_line' id='line_1_19' title="bbox 262 1711 1351 1809; baseline 0.002 -25"><span class='ocrx_word' id='word_1_95' title='bbox 262 1722 344 1785; x_wconf 88' lang='lat' dir='ltr'>uter</span> <span class='ocrx_word' id='word_1_96' title='bbox 367 1711 552 1809; x_wconf 91' lang='lat' dir='ltr'>populus</span> <span class='ocrx_word' id='word_1_97' title='bbox 546 1711 691 1784; x_wconf 79' lang='lat' dir='ltr'>violatae</span> <span class='ocrx_word' id='word_1_98' title='bbox 717 1711 888 1785; x_wconf 82' lang='lat' dir='ltr'>amicitiae</span> <span class='ocrx_word' id='word_1_99' title='bbox 909 1712 1080 1808; x_wconf 88' lang='lat' dir='ltr'>ruptique</span> <span class='ocrx_word' id='word_1_100' title='bbox 1104 1713 1254 1786; x_wconf 69' lang='lat' dir='ltr'>foederis</span> <span class='ocrx_word' id='word_1_101' title='bbox 1278 1713 1351 1787; x_wconf 89' lang='lat' dir='ltr'>cul·</span> 
     </span>
     <span class='ocr_line' id='line_1_20' title="bbox 260 1828 1351 1927; baseline 0.001 -26"><span class='ocrx_word' id='word_1_102' title='bbox 260 1853 349 1926; x_wconf 90' lang='lat' dir='ltr'>pam</span> <span class='ocrx_word' id='word_1_103' title='bbox 365 1830 556 1903; x_wconf 86' lang='lat' dir='ltr'>sustineat.</span> <span class='ocrx_word' id='word_1_104' title='bbox 608 1828 816 1924; x_wconf 86' lang='lat' dir='ltr'>Postquam</span> <span class='ocrx_word' id='word_1_105' title='bbox 840 1828 959 1901; x_wconf 90' lang='lat' dir='ltr'>multa</span> <span class='ocrx_word' id='word_1_106' title='bbox 975 1830 1024 1900; x_wconf 90' lang='lat' dir='ltr'>de</span> <span class='ocrx_word' id='word_1_107' title='bbox 1040 1828 1112 1902; x_wconf 91' lang='lat' dir='ltr'>boc</span> <span class='ocrx_word' id='word_1_108' title='bbox 1138 1839 1351 1927; x_wconf 74' lang='lat' dir='ltr'>argumento</span> 
     </span>
     <span class='ocr_line' id='line_1_21' title="bbox 261 1941 1349 2038; baseline 0.001 -23"><span class='ocrx_word' id='word_1_109' title='bbox 261 1941 476 2038; x_wconf 88' lang='lat' dir='ltr'>disputavit,</span> <span class='ocrx_word' id='word_1_110' title='bbox 494 1951 531 2013; x_wconf 92' lang='lat' dir='ltr'>et</span> <span class='ocrx_word' id='word_1_111' title='bbox 547 1942 633 2014; x_wconf 86' lang='lat' dir='ltr'>binc</span> <span class='ocrx_word' id='word_1_112' title='bbox 651 1952 764 2038; x_wconf 89' lang='lat' dir='ltr'>atque</span> <span class='ocrx_word' id='word_1_113' title='bbox 780 1941 869 2015; x_wconf 91' lang='lat' dir='ltr'>inde</span> <span class='ocrx_word' id='word_1_114' title='bbox 885 1952 1075 2017; x_wconf 85' lang='lat' dir='ltr'>momenta</span> <span class='ocrx_word' id='word_1_115' title='bbox 1096 1944 1283 2016; x_wconf 89' lang='lat' dir='ltr'>rationum</span> <span class='ocrx_word' id='word_1_116' title='bbox 1299 1942 1349 2016; x_wconf 90' lang='lat' dir='ltr'>di·</span> 
     </span>
    </p>
   </div>
   <div class='ocr_carea' id='block_1_11' title="bbox 180 2052 1353 2152">
    <p class='ocr_par' dir='ltr' id='par_1_12' title="bbox 180 2052 1353 2152">
     <span class='ocr_line' id='line_1_22' title="bbox 180 2052 1353 2152; baseline -0.002 -21"><span class='ocrx_word' id='word_1_117' title='bbox 180 2074 181 2077; x_wconf 75' lang='grc'>’</span> <span class='ocrx_word' id='word_1_118' title='bbox 260 2055 388 2151; x_wconf 76' lang='lat' dir='ltr'>ligeriti</span> <span class='ocrx_word' id='word_1_119' title='bbox 412 2055 550 2128; x_wconf 90' lang='lat' dir='ltr'>trutina</span> <span class='ocrx_word' id='word_1_120' title='bbox 565 2056 797 2152; x_wconf 85' lang='lat' dir='ltr'>ponderavit,</span> <span class='ocrx_word' id='word_1_121' title='bbox 815 2082 893 2132; x_wconf 91' lang='lat' dir='ltr'>rem</span> <span class='ocrx_word' id='word_1_122' title='bbox 918 2059 971 2131; x_wconf 89' lang='lat' dir='ltr'>ita</span> <span class='ocrx_word' id='word_1_123' title='bbox 993 2058 1196 2145; x_wconf 86' lang='lat' dir='ltr'>concludit,</span> <span class='ocrx_word' id='word_1_124' title='bbox 1215 2052 1353 2132; x_wconf 71' lang='lat' dir='ltr'>utsta,</span> 
     </span>
    </p>
   </div>
   <div class='ocr_carea' id='block_1_12' title="bbox 157 2860 1354 2964">
    <p class='ocr_par' dir='ltr' id='par_1_13' title="bbox 157 2817 1431 2968">
     <span class='ocr_line' id='line_1_23' title="bbox 157 2860 1354 2964; baseline 0.008 -32"><span class='ocrx_word' id='word_1_125' title='bbox 157 2918 213 2933; x_wconf 85' lang='lat'>...</span> <span class='ocrx_word' id='word_1_126' title='bbox 305 2862 408 2944; x_wconf 86' lang='lat' dir='ltr'>Quid</span> <span class='ocrx_word' id='word_1_127' title='bbox 433 2861 584 2935; x_wconf 84' lang='lat' dir='ltr'>Liviusl</span> <span class='ocrx_word' id='word_1_128' title='bbox 622 2860 771 2956; x_wconf 88' lang='lat' dir='ltr'>Nempe</span> <span class='ocrx_word' id='word_1_129' title='bbox 795 2862 857 2934; x_wconf 92' lang='lat' dir='ltr'>ille</span> <span class='ocrx_word' id='word_1_130' title='bbox 881 2887 929 2935; x_wconf 87' lang='lat' dir='ltr'>ex</span> <span class='ocrx_word' id='word_1_131' title='bbox 954 2863 1166 2960; x_wconf 84' lang='lat' dir='ltr'>Polybiaua</span> <span class='ocrx_word' id='word_1_132' title='bbox 1184 2865 1354 2964; x_wconf 67' lang='lat' dir='ltr'>disputa·</span> 
     </span>
    </p>
   </div>
   <div class='ocr_carea' id='block_1_13' title="bbox 256 2171 1349 2848">
    <p class='ocr_par' dir='ltr' id='par_1_14' title="bbox 256 2171 1349 2848">
     <span class='ocr_line' id='line_1_24' title="bbox 260 2171 1349 2271; baseline -0.001 -24"><span class='ocrx_word' id='word_1_133' title='bbox 260 2182 351 2259; x_wconf 89' lang='lat' dir='ltr'>tuat,</span> <span class='ocrx_word' id='word_1_134' title='bbox 370 2172 401 2245; x_wconf 90' lang='lat' dir='ltr'>si</span> <span class='ocrx_word' id='word_1_135' title='bbox 418 2171 521 2268; x_wconf 89' lang='lat' dir='ltr'>origo</span> <span class='ocrx_word' id='word_1_136' title='bbox 537 2171 625 2245; x_wconf 93' lang='lat' dir='ltr'>belli</span> <span class='ocrx_word' id='word_1_137' title='bbox 636 2198 665 2249; x_wconf 71' lang='lat' dir='ltr'>,a</span> <span class='ocrx_word' id='word_1_138' title='bbox 683 2173 840 2268; x_wconf 83' lang='lat' dir='ltr'>Sagunti</span> <span class='ocrx_word' id='word_1_139' title='bbox 857 2182 1002 2246; x_wconf 91' lang='lat' dir='ltr'>tantum</span> <span class='ocrx_word' id='word_1_140' title='bbox 1027 2173 1196 2247; x_wconf 85' lang='lat' dir='ltr'>exscidio</span> <span class='ocrx_word' id='word_1_141' title='bbox 1213 2182 1349 2271; x_wconf 79' lang='lat' dir='ltr'>repeta-</span> 
     </span>
     <span class='ocr_line' id='line_1_25' title="bbox 259 2287 1349 2384; baseline -0.001 -21"><span class='ocrx_word' id='word_1_142' title='bbox 259 2301 328 2378; x_wconf 91' lang='lat' dir='ltr'>tur,</span> <span class='ocrx_word' id='word_1_143' title='bbox 348 2287 489 2362; x_wconf 85' lang='lat' dir='ltr'>Poenos</span> <span class='ocrx_word' id='word_1_144' title='bbox 514 2288 650 2384; x_wconf 85' lang='lat' dir='ltr'>injuste</span> <span class='ocrx_word' id='word_1_145' title='bbox 676 2287 828 2361; x_wconf 89' lang='lat' dir='ltr'>omnino</span> <span class='ocrx_word' id='word_1_146' title='bbox 846 2312 949 2361; x_wconf 82' lang='lat' dir='ltr'>arma</span> <span class='ocrx_word' id='word_1_147' title='bbox 974 2288 1160 2375; x_wconf 76' lang='lat' dir='ltr'>movisse3</span> <span class='ocrx_word' id='word_1_148' title='bbox 1184 2287 1244 2362; x_wconf 90' lang='lat' dir='ltr'>sin</span> <span class='ocrx_word' id='word_1_149' title='bbox 1260 2290 1349 2362; x_wconf 84' lang='lat' dir='ltr'>ratio</span> 
     </span>
     <span class='ocr_line' id='line_1_26' title="bbox 259 2397 1348 2501; baseline -0.002 -23"><span class='ocrx_word' id='word_1_150' title='bbox 259 2397 440 2481; x_wconf 83' lang='lat' dir='ltr'>habeatur</span> <span class='ocrx_word' id='word_1_151' title='bbox 465 2404 647 2479; x_wconf 85' lang='lat' dir='ltr'>Sardiniae</span> <span class='ocrx_word' id='word_1_152' title='bbox 672 2429 696 2476; x_wconf 89' lang='lat' dir='ltr'>a</span> <span class='ocrx_word' id='word_1_153' title='bbox 721 2404 917 2490; x_wconf 84' lang='lat' dir='ltr'>Romanis,</span> <span class='ocrx_word' id='word_1_154' title='bbox 944 2404 1131 2501; x_wconf 87' lang='lat' dir='ltr'>stipendio</span> <span class='ocrx_word' id='word_1_155' title='bbox 1147 2404 1269 2478; x_wconf 85' lang='lat' dir='ltr'>etiam</span> <span class='ocrx_word' id='word_1_156' title='bbox 1293 2429 1348 2477; x_wconf 88' lang='lat' dir='ltr'>su·</span> 
     </span>
     <span class='ocr_line' id='line_1_27' title="bbox 259 2518 1347 2619; baseline -0.003 -24"><span class='ocrx_word' id='word_1_157' title='bbox 259 2521 517 2619; x_wconf 74' lang='lat' dir='ltr'>perimposito,</span> <span class='ocrx_word' id='word_1_158' title='bbox 537 2521 761 2617; x_wconf 73' lang='lat' dir='ltr'>intercepta,</span> <span class='ocrx_word' id='word_1_159' title='bbox 780 2520 843 2617; x_wconf 89' lang='lat' dir='ltr'>pia</span> <span class='ocrx_word' id='word_1_160' title='bbox 867 2532 905 2593; x_wconf 90' lang='lat' dir='ltr'>et</span> <span class='ocrx_word' id='word_1_161' title='bbox 915 2521 1020 2615; x_wconf 87' lang='lat' dir='ltr'>justa</span> <span class='ocrx_word' id='word_1_162' title='bbox 1044 2519 1158 2593; x_wconf 86' lang='lat' dir='ltr'>fuisse</span> <span class='ocrx_word' id='word_1_163' title='bbox 1183 2518 1347 2592; x_wconf 85' lang='lat' dir='ltr'>Anniba·</span> 
     </span>
     <span class='ocr_line' id='line_1_28' title="bbox 257 2633 1347 2732; baseline 0 -24"><span class='ocrx_word' id='word_1_164' title='bbox 257 2636 303 2710; x_wconf 93' lang='lat' dir='ltr'>lis</span> <span class='ocrx_word' id='word_1_165' title='bbox 321 2661 435 2721; x_wconf 88' lang='lat' dir='ltr'>arma,</span> <span class='ocrx_word' id='word_1_166' title='bbox 449 2660 566 2732; x_wconf 92' lang='lat' dir='ltr'>quum</span> <span class='ocrx_word' id='word_1_167' title='bbox 583 2633 692 2707; x_wconf 88' lang='lat' dir='ltr'>Poeni</span> <span class='ocrx_word' id='word_1_168' title='bbox 710 2635 801 2706; x_wconf 91' lang='lat' dir='ltr'>data</span> <span class='ocrx_word' id='word_1_169' title='bbox 817 2635 1015 2708; x_wconf 89' lang='lat' dir='ltr'>occasione</span> <span class='ocrx_word' id='word_1_170' title='bbox 1030 2659 1097 2708; x_wconf 88' lang='lat' dir='ltr'>eos</span> <span class='ocrx_word' id='word_1_171' title='bbox 1110 2636 1229 2710; x_wconf 89' lang='lat' dir='ltr'>ultum</span> <span class='ocrx_word' id='word_1_172' title='bbox 1246 2635 1347 2719; x_wconf 79' lang='lat' dir='ltr'>irent,</span> 
     </span>
     <span class='ocr_line' id='line_1_29' title="bbox 256 2747 1226 2848; baseline 0.003 -27"><span class='ocrx_word' id='word_1_173' title='bbox 256 2750 322 2845; x_wconf 91' lang='lat' dir='ltr'>qui</span> <span class='ocrx_word' id='word_1_174' title='bbox 340 2775 407 2845; x_wconf 92' lang='lat' dir='ltr'>per</span> <span class='ocrx_word' id='word_1_175' title='bbox 423 2747 661 2820; x_wconf 81' lang='lat' dir='ltr'>occasionem</span> <span class='ocrx_word' id='word_1_176' title='bbox 678 2757 888 2848; x_wconf 86' lang='lat' dir='ltr'>temporum</span> <span class='ocrx_word' id='word_1_177' title='bbox 904 2749 994 2844; x_wconf 87' lang='lat' dir='ltr'>ipsis</span> <span class='ocrx_word' id='word_1_178' title='bbox 1011 2761 1226 2824; x_wconf 80' lang='lat' dir='ltr'>nocuerant</span> 
     </span>
    </p>
   </div>
   <div class='ocr_carea' id='block_1_14' title="bbox 254 2974 1349 3294">
    <p class='ocr_par' dir='ltr' id='par_1_15' title="bbox 254 2974 1349 3284">
     <span class='ocr_line' id='line_1_30' title="bbox 255 2974 1349 3076; baseline 0.005 -27"><span class='ocrx_word' id='word_1_179' title='bbox 255 2976 355 3050; x_wconf 90' lang='lat' dir='ltr'>tione</span> <span class='ocrx_word' id='word_1_180' title='bbox 380 3002 427 3050; x_wconf 88' lang='lat' dir='ltr'>ea</span> <span class='ocrx_word' id='word_1_181' title='bbox 441 2974 544 3072; x_wconf 80' lang='lat' dir='ltr'>eligit</span> <span class='ocrx_word' id='word_1_182' title='bbox 558 2985 596 3048; x_wconf 84' lang='lat' dir='ltr'>et</span> <span class='ocrx_word' id='word_1_183' title='bbox 612 2985 786 3048; x_wconf 83' lang='lat' dir='ltr'>accurate</span> <span class='ocrx_word' id='word_1_184' title='bbox 811 2978 1070 3076; x_wconf 67' lang='lat' dir='ltr'>exponitque·</span> <span class='ocrx_word' id='word_1_185' title='bbox 1092 2980 1349 3055; x_wconf 86' lang='lat' dir='ltr'>Romanorum</span> 
     </span>
     <span class='ocr_line' id='line_1_31' title="bbox 254 3089 1349 3220; baseline 0.003 -53"><span class='ocrx_word' id='word_1_186' title='bbox 254 3116 378 3168; x_wconf 85' lang='lat' dir='ltr'>causae</span> <span class='ocrx_word' id='word_1_187' title='bbox 392 3092 597 3166; x_wconf 77' lang='lat' dir='ltr'>¹favebant:</span> <span class='ocrx_word' id='word_1_188' title='bbox 624 3116 709 3220; x_wconf 82' lang='lat' dir='ltr'>quae</span> <span class='ocrx_word' id='word_1_189' title='bbox 726 3114 794 3219; x_wconf 78' lang='lat' dir='ltr'>prq</span> <span class='ocrx_word' id='word_1_190' title='bbox 821 3089 950 3166; x_wconf 88' lang='lat' dir='ltr'>Poenis</span> <span class='ocrx_word' id='word_1_191' title='bbox 976 3094 1087 3169; x_wconf 83' lang='lat' dir='ltr'>dicta.</span> <span class='ocrx_word' id='word_1_192' title='bbox 1098 3097 1146 3168; x_wconf 92' lang='lat' dir='ltr'>ab</span> <span class='ocrx_word' id='word_1_193' title='bbox 1172 3097 1349 3194; x_wconf 87' lang='lat' dir='ltr'>scriptore</span> 
     </span>
     <span class='ocr_line' id='line_1_32' title="bbox 254 3205 1346 3294; baseline 0.005 -14"><span class='ocrx_word' id='word_1_194' title='bbox 254 3207 389 3282; x_wconf 74' lang='lat' dir='ltr'>Graeco</span> <span class='ocrx_word' id='word_1_195' title='bbox 414 3210 525 3294; x_wconf 85' lang='lat' dir='ltr'>fuere,</span> <span class='ocrx_word' id='word_1_196' title='bbox 553 3205 649 3279; x_wconf 88' lang='lat' dir='ltr'>de&#39;&#39;</span> <span class='ocrx_word' id='word_1_197' title='bbox 627 3230 671 3279; x_wconf 90' lang='lat' dir='ltr'>ns</span> <span class='ocrx_word' id='word_1_198' title='bbox 688 3205 842 3279; x_wconf 85' lang='lat' dir='ltr'>omnino</span> <span class='ocrx_word' id='word_1_199' title='bbox 867 3207 972 3281; x_wconf 89' lang='lat' dir='ltr'>silet:</span> <span class='ocrx_word' id='word_1_200' title='bbox 1000 3210 1100 3284; x_wconf 89' lang='lat' dir='ltr'>malo</span> <span class='ocrx_word' id='word_1_201' title='bbox 1117 3236 1208 3284; x_wconf 88' lang='lat' dir='ltr'>sane</span> <span class='ocrx_word' id='word_1_202' title='bbox 1226 3212 1346 3284; x_wconf 88' lang='lat' dir='ltr'>consi·</span> 
     </span>
    </p>
   </div>
   <div class='ocr_carea' id='block_1_15' title="bbox 253 3320 1431 3464">
    <p class='ocr_par' dir='ltr' id='par_1_16' title="bbox 253 3320 1431 3464">
     <span class='ocr_line' id='line_1_33' title="bbox 253 3320 1431 3417; baseline 0.006 -24"><span class='ocrx_word' id='word_1_203' title='bbox 253 3321 315 3406; x_wconf 90' lang='lat' dir='ltr'>lio,</span> <span class='ocrx_word' id='word_1_204' title='bbox 341 3331 380 3394; x_wconf 92' lang='lat' dir='ltr'>et</span> <span class='ocrx_word' id='word_1_205' title='bbox 404 3323 464 3394; x_wconf 91' lang='lat' dir='ltr'>cui</span> <span class='ocrx_word' id='word_1_206' title='bbox 491 3323 592 3417; x_wconf 89' lang='lat' dir='ltr'>apud</span> <span class='ocrx_word' id='word_1_207' title='bbox 617 3320 796 3394; x_wconf 90' lang='lat' dir='ltr'>lectorem</span> <span class='ocrx_word' id='word_1_208' title='bbox 821 3321 982 3396; x_wconf 88' lang='lat' dir='ltr'>veritatis</span> <span class='ocrx_word' id='word_1_209' title='bbox 1008 3326 1218 3400; x_wconf 91' lang='lat' dir='ltr'>studiosum</span> <span class='ocrx_word' id='word_1_210' title='bbox 1244 3327 1347 3400; x_wconf 92' lang='lat' dir='ltr'>nulla</span> <span class='ocrx_word' id='word_1_211' title='bbox 1430 3361 1431 3366; x_wconf 41' lang='lat'>¹</span> 
     </span>
     <span class='ocr_line' id='line_1_34' title="bbox 1430 3433 1431 3464; baseline 0 0"><span class='ocrx_word' id='word_1_212' title='bbox 1430 3433 1431 3464; x_wconf 57' lang='grc' dir='ltr'><strong>ν</strong></span> 
     </span>
    </p>
   </div>
   <div class='ocr_carea' id='block_1_16' title="bbox 251 3433 603 3529">
    <p class='ocr_par' dir='ltr' id='par_1_17' title="bbox 251 3433 603 3529">
     <span class='ocr_line' id='line_1_35' title="bbox 251 3433 603 3529; baseline 0.003 -23"><span class='ocrx_word' id='word_1_213' title='bbox 251 3433 373 3529; x_wconf 87' lang='lat' dir='ltr'>possit</span> <span class='ocrx_word' id='word_1_214' title='bbox 385 3458 469 3506; x_wconf 88' lang='lat' dir='ltr'>esse</span> <span class='ocrx_word' id='word_1_215' title='bbox 484 3436 603 3507; x_wconf 85' lang='lat' dir='ltr'>venia</span> 
     </span>
    </p>
   </div>
   <div class='ocr_carea' id='block_1_17' title="bbox 303 3531 1431 3650">
    <p class='ocr_par' dir='ltr' id='par_1_18' title="bbox 303 3531 1431 3650">
     <span class='ocr_line' id='line_1_36' title="bbox 303 3531 1431 3650; baseline 0.013 -30"><span class='ocrx_word' id='word_1_216' title='bbox 303 3546 438 3645; x_wconf 85' lang='lat' dir='ltr'>Neque</span> <span class='ocrx_word' id='word_1_217' title='bbox 462 3549 561 3622; x_wconf 91' lang='lat' dir='ltr'>enirn</span> <span class='ocrx_word' id='word_1_218' title='bbox 578 3549 651 3623; x_wconf 92' lang='lat' dir='ltr'>boc</span> <span class='ocrx_word' id='word_1_219' title='bbox 673 3552 805 3636; x_wconf 85' lang='lat' dir='ltr'>saltem</span> <span class='ocrx_word' id='word_1_220' title='bbox 831 3551 906 3626; x_wconf 89' lang='lat' dir='ltr'>dici</span> <span class='ocrx_word' id='word_1_221' title='bbox 922 3564 1062 3650; x_wconf 90' lang='lat' dir='ltr'>posset,</span> <span class='ocrx_word' id='word_1_222' title='bbox 1080 3580 1223 3631; x_wconf 85' lang='lat' dir='ltr'>errasse</span> <span class='ocrx_word' id='word_1_223' title='bbox 1246 3584 1342 3644; x_wconf 91' lang='lat' dir='ltr'>eum,</span> <span class='ocrx_word' id='word_1_224' title='bbox 1430 3531 1431 3538; x_wconf 7' lang='grc' dir='ltr'>ἵ</span> 
     </span>
    </p>
   </div>
   <div class='ocr_carea' id='block_1_18' title="bbox 251 3661 1343 3769">
    <p class='ocr_par' dir='ltr' id='par_1_19' title="bbox 251 3661 1343 3769">
     <span class='ocr_line' id='line_1_37' title="bbox 251 3661 1343 3769; baseline 0.007 -31"><span class='ocrx_word' id='word_1_225' title='bbox 251 3673 288 3738; x_wconf 90' lang='lat' dir='ltr'>et</span> <span class='ocrx_word' id='word_1_226' title='bbox 311 3661 586 3760; x_wconf 86' lang='lat' dir='ltr'>imprudentem</span> <span class='ocrx_word' id='word_1_227' title='bbox 611 3666 763 3742; x_wconf 56' lang='lat' dir='ltr'>fecisse:</span> <span class='ocrx_word' id='word_1_228' title='bbox 816 3665 1010 3764; x_wconf 87' lang='lat' dir='ltr'>Siquidem</span> <span class='ocrx_word' id='word_1_229' title='bbox 1035 3671 1204 3768; x_wconf 88' lang='lat' dir='ltr'>quisquis</span> <span class='ocrx_word' id='word_1_230' title='bbox 1231 3673 1343 3769; x_wconf 81' lang='lat' dir='ltr'>Poly·</span> 
     </span>
    </p>
   </div>
   <div class='ocr_carea' id='block_1_19' title="bbox 250 3780 1354 3885">
    <p class='ocr_par' dir='ltr' id='par_1_20' title="bbox 250 3780 1354 3885">
     <span class='ocr_line' id='line_1_38' title="bbox 250 3780 1354 3885; baseline 0.008 -33"><span class='ocrx_word' id='word_1_231' title='bbox 250 3780 352 3853; x_wconf 93' lang='lat' dir='ltr'>bium</span> <span class='ocrx_word' id='word_1_232' title='bbox 377 3805 463 3855; x_wconf 91' lang='lat' dir='ltr'>cum</span> <span class='ocrx_word' id='word_1_233' title='bbox 488 3803 534 3853; x_wconf 92' lang='lat' dir='ltr'>eo</span> <span class='ocrx_word' id='word_1_234' title='bbox 558 3782 874 3868; x_wconf 77' lang='lat' dir='ltr'>contulerit-non</span> <span class='ocrx_word' id='word_1_235' title='bbox 898 3784 1032 3880; x_wconf 85' lang='lat' dir='ltr'>poterit</span> <span class='ocrx_word' id='word_1_236' title='bbox 1055 3785 1226 3864; x_wconf 91' lang='lat' dir='ltr'>dubitare</span> <span class='ocrx_word' id='word_1_237' title='bbox 1253 3787 1354 3885; x_wconf 83' lang='lat' dir='ltr'>quin..</span> 
     </span>
    </p>
   </div>
   <div class='ocr_carea' id='block_1_20' title="bbox 248 3896 1354 4229">
    <p class='ocr_par' dir='ltr' id='par_1_21' title="bbox 248 3896 1354 4229">
     <span class='ocr_line' id='line_1_39' title="bbox 249 3896 1344 4000; baseline 0.008 -32"><span class='ocrx_word' id='word_1_238' title='bbox 249 3920 296 3969; x_wconf 91' lang='lat' dir='ltr'>ea</span> <span class='ocrx_word' id='word_1_239' title='bbox 311 3897 438 3972; x_wconf 88' lang='lat' dir='ltr'>om&#39;nia</span> <span class='ocrx_word' id='word_1_240' title='bbox 453 3923 536 3994; x_wconf 89' lang='lat' dir='ltr'>quae</span> <span class='ocrx_word' id='word_1_241' title='bbox 563 3896 711 4000; x_wconf 78' lang='lat' dir='ltr'>disserit</span> <span class='ocrx_word' id='word_1_242' title='bbox 725 3906 853 3970; x_wconf 87' lang='lat' dir='ltr'>noster</span> <span class='ocrx_word' id='word_1_243' title='bbox 873 3899 921 3971; x_wconf 92' lang='lat' dir='ltr'>de</span> <span class='ocrx_word' id='word_1_244' title='bbox 937 3898 1078 3974; x_wconf 89' lang='lat' dir='ltr'>Lutatii</span> <span class='ocrx_word' id='word_1_245' title='bbox 1094 3912 1131 3975; x_wconf 91' lang='lat' dir='ltr'>et</span> <span class='ocrx_word' id='word_1_246' title='bbox 1148 3902 1344 3977; x_wconf 85' lang='lat' dir='ltr'>Asdruba-</span> 
     </span>
     <span class='ocr_line' id='line_1_40' title="bbox 249 4008 1354 4114; baseline 0.011 -34"><span class='ocrx_word' id='word_1_247' title='bbox 249 4008 294 4081; x_wconf 92' lang='lat' dir='ltr'>lis</span> <span class='ocrx_word' id='word_1_248' title='bbox 323 4011 472 4097; x_wconf 86' lang='lat' dir='ltr'>foedere,</span> <span class='ocrx_word' id='word_1_249' title='bbox 502 4035 524 4083; x_wconf 98' lang='lat' dir='ltr'>e</span> <span class='ocrx_word' id='word_1_250' title='bbox 553 4010 731 4107; x_wconf 88' lang='lat' dir='ltr'>scriptore</span> <span class='ocrx_word' id='word_1_251' title='bbox 761 4011 895 4086; x_wconf 81' lang='lat' dir='ltr'>Graeco</span> <span class='ocrx_word' id='word_1_252' title='bbox 924 4016 1170 4114; x_wconf 80' lang='lat' dir='ltr'>exscripserit,</span> <span class='ocrx_word' id='word_1_253' title='bbox 1199 4028 1238 4091; x_wconf 87' lang='lat' dir='ltr'>et</span> <span class='ocrx_word' id='word_1_254' title='bbox 1257 4019 1354 4092; x_wconf 47' lang='lat' dir='ltr'>,ier-1</span> 
     </span>
     <span class='ocr_line' id='line_1_41' title="bbox 248 4123 1343 4229; baseline 0.011 -35"><span class='ocrx_word' id='word_1_255' title='bbox 248 4123 337 4196; x_wconf 91' lang='lat' dir='ltr'>bum</span> <span class='ocrx_word' id='word_1_256' title='bbox 371 4126 482 4198; x_wconf 86' lang='lat' dir='ltr'>verbo</span> <span class='ocrx_word' id='word_1_257' title='bbox 516 4150 611 4222; x_wconf 92' lang='lat' dir='ltr'>pene</span> <span class='ocrx_word' id='word_1_258' title='bbox 645 4125 860 4202; x_wconf 82' lang='lat' dir='ltr'>reddiderit.</span> <span class='ocrx_word' id='word_1_259' title='bbox 923 4128 1068 4227; x_wconf 81' lang='lat' dir='ltr'>Fugere</span> <span class='ocrx_word' id='word_1_260' title='bbox 1095 4132 1205 4229; x_wconf 81' lang='lat' dir='ltr'>igitur</span> <span class='ocrx_word' id='word_1_261' title='bbox 1237 4133 1343 4209; x_wconf 92' lang='lat' dir='ltr'>illum</span> 
     </span>
    </p>
   </div>
   <div class='ocr_carea' id='block_1_21' title="bbox 0 0 1476 4750">
    <p class='ocr_par' dir='ltr' id='par_1_22' title="bbox 0 0 1476 4750">
     <span class='ocr_line' id='line_1_42' title="bbox 0 0 1476 4750; baseline 0 4"><span class='ocrx_word' id='word_1_262' title='bbox 0 0 1476 4750; x_wconf 95' lang='lat' dir='ltr'> </span> 
     </span>
    </p>
   </div>
  </div>
 </body>
</html>
