2942 4750
377 174 429 234 LI
436 176 470 234 B.
488 174 583 238 XLV.
603 174 701 235 CAP.
723 172 865 242 XXVIII.
1091 178 1147 238 197

88 334 253 436 hgressos,
267 334 422 401 hostiliter
443 338 616 403 saeneram.
660 338 711 401 Ad
733 337 903 402 AEniorum
925 356 1051 421 quoque
1071 335 1218 401 hosuc.
1230 354 1286 402 585.

89 422 186 483 tihter
201 421 309 485 urbem
323 421 532 504 diripiendam
550 424 590 486 L.
613 423 820 486 Postumium·
832 423 929 499 misit,
949 422 1033 506 quod
1048 418 1219 503 perti-w
1234 417 1286 464 ¹⁶⁷·

87 508 205 584 nacius,
221 527 318 590 quam
329 506 474 570 finitimae
489 507 638 583 civitates,
655 507 687 570 in
703 508 798 572 annis
812 508 946 571 fuerant.
989 507 1146 570 Autumni

88 588 151 652 fere
179 603 305 672 tempus
333 611 417 666 erat3
455 594 544 675 cujus
573 595 722 675 temporis
759 592 851 656 initio
887 590 1143 654 circumeundam
1155 615 1253 661 Paullus

92 673 260 750 Graeciam,
278 676 476 759 visendaque,
498 681 596 761 ”quas
616 677 781 742 nobilitata
802 676 885 739 fama
902 677 1001 762 magis
1014 676 1274 738 „uribusoraecian
1321 736 1324 741 .

89 772 215 842 accepta
230 774 312 834 sunt,
334 782 427 844 quam
450 761 549 823 oculis
573 775 756 840 noscuntur,
778 775 815 825 ut
835 761 953 839 statuit,
975 749 1271 844 praepotitolmssm

89 845 200 906 castris
217 844 256 906 C.
274 844 416 926 Sulpicio
432 847 537 920 Gallo,
552 846 711 929 profectus
725 868 798 909 cum
814 846 897 908 haud
918 867 1034 931 magno
1049 847 1147 909 comi·

88 941 168 1004 tatu,
190 929 367 1012 tegentibus
389 930 486 993 latera
509 931 656 1014 Scipione
677 931 742 993 lilio
764 943 797 993 ct
819 930 975 996 Athenaeo
995 930 1147 995 Eumenis

89 1015 173 1097 regis
190 1014 294 1088 fratre,
309 1035 367 1093 per
382 1014 577 1077 Thessaliam
601 1015 744 1098 Delphos
765 1015 852 1098 petit,
876 1016 1020 1079 inclitum
1034 1038 1147 1080 oracu-

88 1097 175 1164 lum:
208 1096 273 1173 ubi,
293 1100 447 1162 sacrificio
470 1099 611 1182 Apollini
633 1099 725 1176 iacto,
748 1101 908 1163 inchoatas
935 1102 966 1163 in
992 1101 1148 1165 vestibulo

88 1183 263 1258 columnas,
288 1184 403 1267 quibus
430 1185 594 1267 inposituri
621 1199 739 1248 statuas
769 1185 850 1270 regis
880 1185 984 1248 Persei
1014 1186 1147 1264 lucrant,
1240 1265 1243 1272 ,

89 1268 155 1330 suis
183 1269 293 1331 statuis
318 1270 418 1332 victor
442 1269 618 1333 destinavit
663 1269 814 1334 Lebadiae
841 1292 967 1355 quoque
995 1272 1148 1355 templum

88 1351 203 1435 &lovis
229 1352 408 1435 Trophonii
431 1353 519 1418 adiit.
543 1355 586 1416 ihi
609 1377 707 1437 quum
734 1354 861 1417 vidisset
886 1378 921 1416 os
947 1377 1066 1438 specus,
1092 1372 1149 1441 per

113 1438 175 1501 uod
191 1442 320 1500 oraculo
335 1451 455 1502 utentes
470 1440 658 1502 sciscitatum
673 1440 760 1502 Deos
775 1439 980 1520 descendunt,
996 1442 1149 1506 sacrificio

87 1459 163 1586 lovi
180 1524 424 1608 Hercynnaeque
445 1524 538 1600 iacto,
554 1546 691 1608 quorum
706 1524 752 1587 ibi
773 1524 926 1608 templum
948 1538 1003 1603 est,
1022 1525 1149 1591 Chalci·

87 1605 161 1670 dem
177 1607 216 1668 ad
233 1610 443 1688 spectaculum
459 1609 599 1691 ”Euripi
622 1614 655 1649 *²
670 1631 802 1693 aevoque
821 1622 895 1673 ante
916 1612 1038 1690 insulae,
1053 1623 1150 1694 ponte

89 1692 264 1755 continenti
277 1692 409 1776 juncta,
425 1693 596 1756 descendit.
641 1697 671 1757 A
688 1694 839 1758 Chalcide
856 1697 1001 1758 Aulidem
1024 1697 1149 1778 trajicit,

87 1777 187 1841 trium
211 1778 346 1841 millium
369 1779 471 1862 spatio
497 1780 675 1856 distantem,
701 1791 830 1863 portum
850 1780 994 1843 inclitum
1017 1780 1152 1854 statione

88 1861 251 1948 quondam
278 1864 361 1924 mille
389 1864 515 1926 navium
542 1865 805 1949 Agamemnoniis
833 1864 948 1941 classis,
971 1865 1152 1950 Dianaeque

87 1946 255 2030 templum,
272 1948 326 2011 ubi
342 1949 472 2013 navibus
487 1973 612 2014 cursum
628 1951 666 2013 ad
689 1950 832 2034 Troiam,
854 1949 920 2026 filia
940 1950 1068 2013 victima
1088 1953 1150 2014 aris

88 2032 230 2108 admota,
246 2054 303 2096 rex
325 2033 375 2096 iile
392 2056 501 2121 regum
523 2036 623 2117 petiit.
669 2036 749 2099 Inda
772 2034 918 2181 Oropum
943 2038 1059 2100 Atticae
1076 2059 1150 2099 ven·

89 2130 161 2196 tum
185 2131 252 2191 est3
284 2117 365 2180 ”uhi
388 2141 446 2201 pro
471 2120 545 2184 Deo
569 2135 654 2183 vates
676 2120 845 2202 Amphiloc
870 2143 905 2183 us
926 2121 1049 2196 colitur,
1071 2134 1151 2188 tem·

20 2247 22 2256 ·
86 2202 245 2285 plumque
273 2217 430 2276 vetustum
460 2217 515 2278 est,
545 2204 684 2266 fontibus
709 2206 845 2285 riuisque
874 2205 958 2268 circa
980 2226 1151 2270 amoenurn.

86 2287 236 2350 Athenas
265 2285 351 2358 inde,
381 2285 510 2365 ”plenas
538 2286 665 2367 quidem
695 2302 726 2348 et
756 2287 839 2365 ipsas
868 2298 1019 2348 vetustate
1047 2287 1151 2362 samoe,

85 2368 196 2434 multa
224 2383 331 2430 tamen
360 2369 488 2430 visenda
515 2367 683 2429 hahentes:
721 2388 837 2442 arcem,
867 2371 1016 2447 ”portua
1048 2391 1155 2432 muros

88 2452 258 2518 Piraeeum
274 2450 344 2517 urbi
355 2452 534 2534 jungentes,
551 2453 570 2483 ³¹
579 2454 700 2515 navalia
715 2471 902 2533 magnorum
919 2451 1155 2532 imperatorum,

89 2537 265 2617 simulacra
281 2535 425 2600 Deorum
440 2537 678 2620 hominumque,
693 2535 781 2599 omni
795 2556 910 2622 genere
924 2548 955 2598 et
969 2538 1110 2601 materiae
1125 2550 1157 2613 et

55 2664 65 2690 .
90 2622 213 2687 artium
225 2622 273 2684 ins

138 2643 488 2771 XXVIIffnhhcdficio
505 2706 662 2770 Minervoe
683 2705 811 2791 praesidi
832 2706 913 2773 arcis
927 2708 960 2770 in
974 2706 1059 2785 ¹inhe
1073 2705 1156 2778 facto
1193 2749 1196 2753 ²

455 2848 464 2881 t
476 2850 543 2895 abest
554 2854 611 2895 nota
621 2849 713 2897 heunze
725 2849 793 2897 Crev.

104 3003 162 3052 ·23
178 3003 236 3058 Qrur
311 3003 387 3062 magis
407 3004 500 3049 meiius
520 3008 609 3063 empta
635 3004 718 3066 fine,
736 3004 809 3050 malm
828 3004 915 3066 umen]
952 3003 1040 3050 Plenas
1057 3006 1156 3063 quidem

19 3104 20 3107 ,
92 3072 160 3122 aaut,
185 3080 254 3126 quarn
279 3066 349 3111 oeulis
375 3068 510 3129 mutar]
548 3068 609 3120 Quas
641 3069 947 3122 monamntisvetustatis,
956 3066 1158 3125 quoenihilaliud

90 3133 167 3191 vulgo
185 3131 293 3189 plerique
311 3129 409 3175 auribus
427 3130 533 3189 uchpere
551 3132 610 3187 ‚ratis
641 3132 734 3190 insigne
746 3132 859 3187 habeant,
868 3144 943 3190 qoam
953 3132 1018 3188 quod
1028 3144 1157 3188 represent·

43 3228 53 3253 ,
92 3196 249 3247 hubent,nec
264 3200 348 3237 curant
364 3193 544 3238 etiamnoscere
554 3206 610 3239 ocu-
643 3195 850 3239 tantheroIcorum
858 3194 1157 3252 temporummemoriam

19 3250 20 3259 ¹
93 3259 133 3303 liu.
643 3258 720 3301 muita
733 3264 814 3302 tamen
825 3257 948 3309 hahentes,
960 3270 1015 3314 quse
1028 3269 1070 3315 per
1081 3270 1108 3302 se
1121 3258 1158 3316 ip·

112 3321 160 3380 Ι26
174 3322 243 3367 Jove
263 3320 398 3382 Trophonii]
424 3319 462 3367 De
478 3319 611 3379 Trophonii
643 3332 678 3370 sa,
700 3326 725 3365 et
746 3322 777 3365 oh
799 3325 926 3364 structure
944 3320 1158 3378 magnificentiam,

92 3385 200 3437 oracrdo,
211 3390 236 3429 et
249 3383 385 3443 Hercynna.
394 3398 449 3441 quoe
461 3384 523 3428 infra
534 3384 612 3427 nomi·
643 3390 685 3427 aut
696 3384 862 3428 excellentiam
872 3381 975 3433 artificii,
986 3382 1084 3428 visenda
1094 3384 1149 3428 sint.

93 3448 233 3500 ariamiri.
242 3445 547 3491 Pausaniamiaiioeoticir.
573 3446 611 3495 lbi
674 3446 707 3491 80
718 3443 817 3506 Portas]
836 3445 863 3488 ln
874 3440 965 3489 Piraeo
973 3446 1023 3489 solo
1035 3452 1158 3493 mmai

63 3562 66 3569 Α
92 3511 149 3556 fine
174 3510 321 3567 decamus
348 3510 450 3567 reperies
479 3515 504 3553 et
530 3510 611 3554 locum
643 3515 733 3566 portas.
760 3507 913 3552 I’roetereaet
923 3508 983 3552 duos
994 3508 1052 3553 alios
1063 3511 1094 3555 ad
1102 3510 1158 3555 Mu·

92 3574 185 3633 Ipsam,
206 3578 233 3618 et
254 3572 328 3617 ritum
354 3572 491 3618 complendi
513 3573 609 3618 oraculi.
643 3572 757 3630 nyohiam
771 3577 796 3615 et
810 3572 841 3615 ad
853 3569 981 3615 Phalerum
994 3579 1076 3629 portus
1087 3574 1158 3619 hahe-

94 3636 210 3683 Cetcrum
221 3636 284 3681 male
295 3636 334 3681 hic
345 3635 404 3681 oiim
417 3636 539 3695 iegeheau
553 3635 612 3680 Tro·
643 3635 702 3679 haut
713 3634 878 3681 ananienses.
911 3632 968 3678 Vid.
986 3634 1090 3682 Pausant
1104 3639 1157 3681 ait.

91 3699 184 3760 phania
217 3699 325 3749 Correxit
336 3699 454 3757 Sigonius.
643 3697 719 3741 Initio.

109 3762 162 3809 ‚at
179 3760 526 3821 Sareptena-matusale]
548 3760 612 3819 Lege
675 3760 705 3806 uu
723 3760 1157 3821 Navoiirvmugrrommimprmtm]

97 3824 187 3883 Euripi
195 3824 431 3881 ammana.-
445 3825 613 3882 quoddudum
645 3822 748 3869 Navalia
766 3837 813 3869 non
836 3831 892 3871 sunt
914 3825 1094 3883 imperatorum,
1116 3822 1159 3870 sed

97 3894 247 3935 monueram
257 3887 369 3946 Sigonius
379 3894 404 3932 et
414 3888 556 3932 Gronovius.
644 3887 734 3945 popvli.
767 3886 871 3934 Videtur
884 3888 999 3934 acidisse
1010 3886 1091 3942 alique
1102 3894 1158 3937 vox·

130 3950 163 3997 28
182 3950 229 3995 Uli
246 3963 291 4008 pro
308 3950 348 3995 deo
368 3954 429 3993 mur
450 3948 614 4007 Ampiaiooiar
644 3956 703 4008 puta
713 3945 1159 4018 morameata‚autrliaaouahdmilir

96 4013 193 4074 celitur]
217 4012 274 4058 Non
284 4015 336 4059 siue
346 4024 419 4057 causa
429 4012 550 4058 suatim
562 4012 613 4056 Du·
644 4025 735 4059 sennis.
769 4014 807 4060 Sic
818 4013 891 4073 igitur
902 4012 1030 4070 legendam
1041 4015 1065 4055 et
1075 4008 1159 4060 cibun.-

94 4074 172 4138 jarius
192 4076 290 4122 Livium
306 4078 352 4122 hoe
368 4076 420 4121 loeo
438 4074 613 4132 Ambrosium
644 4078 767 4135 pandum
778 4077 837 4123 erite
855 4075 955 4126 malla,
1116 4070 1160 4115 Im·

97 4141 189 4186 ἀίω
204 4152 248 4197 pro
263 4138 412 4199 Ampiaoew.
449 4137 506 4182 vid.
524 4137 612 4184 Paua·
639 4082 1161 4198 mmmmmfflm

98 4204 165 4255 riam
176 4203 202 4247 in
213 4203 310 4249 AttIcia.
372 4230 379 4242 ·
643 4202 809 4263 mamque.

131 4264 164 4313 29
180 4264 267 4312 Plenus
283 4265 373 4325 quidem
386 4270 409 4313 et
428 4268 487 4327 ipsus
505 4268 613 4315 savants
700 4312 703 4318 Δ
938 4288 943 4295 ·
1065 4306 1069 4315 ,
