2942 4750
642 234 645 249 ·
679 196 926 260 EPITOMAE

678 398 929 482 LXXXIV.

200 608 207 621 .
318 569 405 634 Sulla
418 564 537 649 legatis,
552 563 607 646 qui
620 584 641 626 a
653 572 761 626 senatu
774 564 860 626 missi
871 560 1120 644 eranufidurum
1140 579 1173 623 se
1187 560 1221 622 in
1229 567 1340 642 potes-

276 665 339 719 tate
351 662 473 718 senatus
484 650 649 732 respondit,
664 652 692 713 si
712 651 800 725 cives,
816 649 867 732 qui
874 647 959 731 pubi
972 670 993 710 a
1010 647 1113 711 Cinna
1126 646 1170 709 ad
1187 667 1218 709 se
1231 643 1338 726 confis-

271 750 396 826 gerant,
406 738 647 801 restituerentur.
669 756 737 819 qua
749 732 1074 819 conditioqruemjusta
1083 734 1205 797 sertatui
1217 734 1336 797 uidera-

273 837 330 901 ζειν,
354 846 412 906 per
435 821 600 888 Corbouem
619 819 849 906 factionemque
876 819 948 905 eju,
974 822 1025 884 cui
1047 819 1153 884 bellum
1176 818 1338 883 sidetana

271 911 383 990 utilius,
409 932 448 973 ue
475 908 654 984 conveniret,
680 908 815 996 ffectum
842 917 897 972 est.
935 908 1020 971 Iden
1046 907 1157 982 Carbo,
1180 927 1270 989 quum
1291 906 1335 968 ab

271 997 407 1061 omnibus
429 996 548 1078 oppidis
571 995 675 1058 italice
702 995 880 1078 coloniisque
904 994 1016 1057 obsides
1040 996 1164 1078 exigere
1185 994 1284 1072 vellet,
1298 1002 1335 1055 ut

256 1086 358 1167 fidem
380 1103 481 1146 comm
504 1090 609 1143 cantra
629 1082 746 1146 Sullam
768 1079 926 1164 obligaret,
951 1102 1094 1144 consensu
1118 1088 1239 1143 senatus
1260 1098 1334 1160 pro-

269 1170 386 1234 hibitus
401 1177 455 1232 est.
484 1166 608 1231 ”Novis
621 1168 732 1231 ciuibus
752 1169 1004 1230 senatuconsulto
1018 1167 1205 1254 mfflaginm
1227 1166 1333 1229 datum

270 1266 323 1320 est.
356 1253 397 1322 Θ.
413 1253 557 1318 Metellcu
572 1254 659 1330 Pius,
685 1254 740 1336 qui
767 1262 868 1335 partes
894 1255 1087 1335 optimatium
1111 1263 1227 1316 secutus
1251 1263 1332 1330 erut,

268 1363 356 1428 mmm
382 1342 416 1403 in
431 1337 541 1422 Africa
563 1339 670 1403 bellum
693 1340 858 1418 moliretur,
873 1359 894 1401 a
909 1339 945 1403 C.
960 1339 1059 1402 Fabio
1078 1347 1207 1421 pratum
1224 1340 1333 1419 pul-m

269 1437 329 1492 cst:
352 1437 531 1510 seruatusque
551 1428 718 1490 emulum
731 1447 791 1508 per
807 1422 975 1505 factionem
993 1424 1137 1489 Carbonis
1156 1434 1188 1488 et
1206 1424 1329 1489 Maria·

268 1534 374 1578 narrem
384 1514 522 1595 partium
525 1512 649 1596 factum
662 1522 715 1587 est,
732 1521 766 1574 ut
786 1518 886 1575 omnes
905 1510 1015 1595 ubique
1035 1512 1183 1574 enercitus
1196 1511 1331 1575 dimitte-

267 1611 384 1663 rentur.
413 1598 567 1662 Libertini
581 1600 615 1660 in
628 1598 753 1682 quinque
766 1608 797 1661 et
813 1598 944 1683 triginta
966 1598 1060 1660 tribus
1079 1597 1236 1662 distributi
1249 1607 1329 1661 sunt.

266 1686 428 1750 Pratereo
452 1685 524 1748 belli
548 1685 743 1765 adparatum,
759 1685 841 1767 quod
863 1693 968 1748 contra
991 1684 1107 1749 Sullam
1132 1683 1328 1761 multabatur,

267 1773 404 1836 continet.

681 1913 908 1997 LXXXV.

273 2056 282 2064 „
307 2077 394 2141 Sulla
414 2056 587 2138 in‘ltoliam
611 2097 676 2139 cums
699 2078 831 2140 exercitu
859 2073 992 2158 trajecit,
1007 2074 1184 2159 ”missisque
1207 2074 1329 2159 legalis,

264 2164 373 2245 quide
390 2182 466 2244 pace
486 2170 622 2245 agerent,
638 2184 659 2224 a
680 2165 796 2226 consule
820 2163 854 2227 C.
879 2161 1024 2225 Norbano
1043 2161 1172 2236 violentis,
1195 2162 1329 2226 eumdem

263 2248 444 2311 Norbanum
456 2249 566 2329 pralio
584 2249 665 2312 uicit.
695 2249 742 2312 Et
763 2270 854 2332 quum
875 2248 917 2313 L.
937 2248 1089 2330 Scipionis
1109 2248 1234 2311 alterius
1255 2269 1329 2312 con-
1426 2216 1459 2281 ’⁸

262 2336 346 2412 sulis,
369 2356 433 2399 crem
455 2355 514 2420 quo
529 2355 590 2417 per
610 2335 710 2399 omnia
732 2336 768 2399 id
788 2342 903 2421 egerat,
925 2343 958 2398 ut
972 2355 1080 2417 pacem
1090 2332 1251 2419 jungeret,
1273 2356 1331 2400 nea

256 2432 413 2504 patuerat,
427 2431 532 2486 castro
544 2423 768 2507 obpugnaturus
783 2431 865 2496 esset,
881 2421 1034 2486 universnm
1054 2424 1203 2487 meusne
1222 2443 1328 2486 conns-

262 2511 312 2588 lis,
327 2511 509 2573 sollicitatus
524 2530 586 2590 per
599 2510 717 2573 emissos
738 2529 759 2572 a
781 2508 870 2572 Sulla
890 2508 1013 2585 milites,
1035 2510 1126 2592 signa
1147 2510 1192 2571 od
1211 2508 1325 2573 Sullam

261 2598 429 2666 transtulit.
467 2595 581 2675 Scipio,
610 2615 698 2677 quaem
733 2596 832 2658 occidi
856 2604 969 2676 posset,
1003 2595 1142 2658 dimissus
1170 2604 1223 2658 est.
1265 2596 1325 2662 Cn.

259 2682 432 2761 Pompeius,
450 2679 507 2742 Cn.
523 2677 562 2740 F.
578 2677 651 2760 qus,
667 2678 720 2761 qui
733 2680 874 2744 Asculum
888 2689 1017 2761 ceperat,
1035 2681 1202 2764 coriscrspto
1221 2680 1325 2743 volcas·

259 2766 411 2828 tariorum
424 2764 569 2836 exercitu,
592 2783 655 2825 cum
676 2763 771 2828 tribus
791 2766 962 2849 legionibus
983 2767 1025 2830 ad
1045 2766 1157 2830 Sullam
1178 2777 1300 2831 vaserat
1309 2803 1321 2840 ‚-
1380 2743 1393 2770 ’
1438 2819 1442 2834 .

259 2850 400 2931 adquam
413 2869 446 2911 se
459 2844 604 2911 nobilitas
617 2850 714 2912 omnis
726 2851 910 2936 conferebat,
930 2853 976 2916 ita
995 2863 1027 2916 ut
1048 2854 1166 2917 deserta
1188 2854 1262 2916 urbe
1281 2857 1326 2918 ad
1372 2835 1385 2860 ⁶

261 2943 363 2998 castra
387 2934 548 2999 veniremus.
590 2935 749 2999 Praterea
775 2937 980 3020 expeditiones
997 2960 1057 3022 per
1079 2948 1174 3005 totam
1193 2939 1324 3004 Italiam

246 3021 413 3108 *unumne
420 3021 525 3103 pariis
539 3020 644 3085 ducum
654 3021 839 3107 referuntur.

658 3196 910 3284 LXXXVI.

272 3335 274 3340 Ι
303 3353 401 3454 Qucum
420 3357 451 3422 C
468 3357 604 3439 Marius,
622 3360 658 3425 C.
674 3360 890 3446 Mrmiifilius,
906 3365 1007 3428 canuti
1019 3373 1091 3428 unle
1105 3385 1199 3428 annos
1211 3363 1325 3449 viginti

250 3462 309 3523 per
322 3462 383 3505 mm
395 3454 514 3509 creatus
527 3455 611 3523 esset,
637 3446 670 3511 C.
693 3448 807 3513 Fabiu
827 3450 860 3511 ia
877 3448 992 3533 Africa
1007 3458 1138 3534 propter
1158 3453 1322 3516 erudelita-

287 3592 413 3640 m-Novu
427 3595 712 3647 munemuumm
721 3600 771 3663 us.
801 3604 904 3661 mmm
915 3615 930 3646 a
945 3603 1035 3650 mnu
1049 3604 1077 3652 c.
1090 3604 1202 3651 morum
1213 3605 1320 3670 suu]
1407 3585 1414 3596 ’

245 3656 359 3719 mium
374 3657 454 3708 dotum
468 3659 514 3722 eet]
541 3662 589 3708 Hic
604 3665 710 3723 proiecto
726 3665 771 3711 eli·
803 3666 959 3721 sustulimus.
978 3674 1075 3715 auctare
1093 3667 1226 3730 Campano,
1246 3671 1322 3730 puti-

252 3721 314 3784 quid
327 3724 435 3781 peoeuvit
451 3724 488 3769 vel
505 3725 657 3775 librariorum
672 3742 769 3785 munus,
802 3731 882 3776 aulem
892 3734 915 3776 et
925 3737 981 3777 unte
990 3745 1006 3776 a
1016 3733 1111 3779 oonmle.
1131 3734 1321 3795 Sensusquippe

253 3786 291 3832 vel
301 3785 353 3846 ips'e
365 3787 482 3846 epitomes
497 3796 586 3835 auctor.
620 3792 688 3838 Italis
702 3794 769 3840 enim
801 3799 850 3840 eet:
868 3795 952 3856 tegatis
963 3796 1005 3856 qui
1020 3809 1035 3842 a
1050 3797 1199 3857 Syllnmisd
1214 3799 1333 3852 eruum⁴

250 3859 309 3896 cum
316 3851 414 3898 civitate
418 3848 461 3914 jus
467 3867 563 3913 quoque
569 3856 768 3926 eulmgiidunsm
800 3861 898 3906 consule
910 3860 1010 3906 siolum.
1042 3862 1125 3908 Alium
1136 3862 1175 3908 hic
1185 3869 1211 3909 et
1220 3858 1321 3924 mnjotie

251 3927 303 3961 esse
313 3922 414 3963 sonunt.
448 3916 495 3963 Sed
505 3918 605 3963 somme
615 3919 689 3979 huju·
699 3934 768 3968 sene·
800 3925 918 3970 mammii
928 3926 1122 3987 emendationem
1133 3927 1191 3972 fecit
1199 3927 1321 3988 Sigonius.

251 3981 394 4027 tumulti
405 3982 458 4027 hnc
474 3994 544 4027 mens
559 3982 647 4036 sumt,
659 3991 687 4029 ut
702 3987 768 4044 quod
801 3984 912 4047 Plerique
926 3989 985 4035 editi
998 3996 1023 4034 et
1037 3991 1092 4036 libri
1102 3992 1223 4037 habebunt
1233 4005 1248 4036 a
1258 4005 1320 4038 aona

251 4052 267 4085 ι
285 4046 382 4090 tribuno
400 4045 476 4105 piebis
495 4045 600 4105 Sulpicio
617 4047 766 4105 institutum,
801 4049 845 4096 Cn.
858 4052 960 4099 Carbone
968 4058 992 4099 et
1003 4053 1031 4100 C.
1043 4054 1169 4102 Narbona:
1185 4057 1250 4115 quod
1261 4069 1319 4102 cun·

250 4116 308 4156 mox
319 4121 334 4154 n
346 4107 414 4157 Sulla
427 4110 555 4155 emissum
568 4109 655 4164 iuerat,
667 4123 767 4158 renove-
800 4119 837 4159 tra
849 4116 955 4164 historice
971 4118 1043 4165 fldem
1057 4125 1115 4164 erut.
1149 4119 1235 4179 Neque
1248 4120 1318 4166 enim

250 4174 317 4216 retur
326 4177 352 4217 et
361 4174 552 4229 confirmaretur,
564 4187 659 4234 nempe,
671 4182 699 4221 ut
709 4178 767 4222 noui
799 4178 875 4226 Carbo
887 4182 933 4227 hoc
947 4196 1011 4229 mmo
1022 4183 1106 4229 consul
1119 4183 1174 4229 suit.
1207 4183 1319 4230 Certissi-

250 4229 315 4280 cives
325 4233 351 4279 ln
361 4237 467 4297 quinque
482 4244 507 4284 et
519 4238 619 4299 triginta
631 4238 708 4286 tribus
718 4241 766 4287 dis·
797 4255 865 4288 mum
878 4244 970 4305 Sigonii
985 4243 1149 4307 conjecturem
1166 4247 1264 4293 firmant
1276 4247 1318 4294 Pi-

250 4295 419 4342 trimetentm.
798 4306 877 4354 thoem
892 4312 958 4369 epssd
971 4310 1115 4365 Heumium,
1126 4316 1152 4356 et
1167 4311 1319 4371 Campanus,

282 4356 312 4405 21
339 4356 466 4419 Meton
485 4362 576 4424 sesam
598 4367 638 4427 qus
660 4367 688 4420 u
708 4384 767 4432 μα
797 4371 1234 4430 quummaucmuorum.
1298 4399 1303 4406 ·

1454 884 1457 999 Ι
