2942 4750
833 9 840 53 ,
969 9 972 25 .

255 157 303 223 sc
425 172 431 183 =
627 117 987 213 PRAEFAT1‚O·.

254 342 475 445 pertingant,
503 335 669 435 superius
695 355 846 432 quoque
875 325 1049 427 apposita·
1079 323 1356 433 insignivimus,
1403 312 1410 332 '

254 471 297 536 ut
313 461 361 534 ab
377 457 491 556 ipsius
509 452 602 529 Livii
626 450 761 563 verbis!
774 446 1108 542 distinguerentur:
1133 441 1268 515 iisdem
1295 451 1355 514 ta·

139 638 143 647 .
254 600 343 650 men
357 570 510 665 servatis
534 579 707 667 typorum
729 563 868 649 formis,
894 586 942 635 ne
967 559 1142 633 varietate
1162 557 1356 650 majorum
1419 610 1427 622 .

245 691 512 784 ‘'minorumque
543 684 747 759 litterarum
786 678 856 755 sibi
891 677 1051 751 invicem
1089 673 1357 772 permistarum
1387 665 1393 687 ⁸

255 805 389 905 periret
411 801 519 900 primi
537 808 712 897 aspectus
738 797 863 881 decor,
881 803 919 867 et
942 792 1062 866 nitida
1084 791 1273 888 quaedam,
1290 789 1357 867 cui

255 919 449 997 consulere
469 917 578 1012 juvit,
595 912 822 989 blandientis
838 909 968 984 frontis
985 906 1180 1004 elegantia.
1234 907 1356 982 Secns
1400 985 1407 1011 ι

253 1035 397 1133 egimus
420 1035 459 1109 in
481 1029 749 1129 supplementis
775 1022 1098 1110 Freinshemianis,
1125 1049 1211 1119 quae
1236 1047 1354 1121 quum

256 1151 305 1224 ab
334 1148 439 1224 Livio
468 1149 639 1243 sejuncta
665 1143 819 1219 omnino
845 1143 930 1227 sint,
961 1141 1115 1213 liberam
1136 1139 1246 1213 nobis
1270 1139 1353 1213 reli-

254 1274 416 1364 querunt
445 1261 668 1339 discriminis
688 1261 729 1334 in
753 1258 880 1333 formis
902 1255 1180 1355 typographicis
1206 1280 1355 1333 servan-

255 1380 296 1455 di
311 1388 547 1477 potestatem.
599 1376 704 1460 Quid
725 1376 827 1450 circa
842 1369 1209 1473 illa'praestiterimus,
1228 1370 1355 1445 dicen·

257 1497 350 1571 dum
360 1498 443 1592 jam
456 1494 565 1585 nobis
581 1503 651 1567 est.

96 1610 253 1710 suppremi
310 1612 661 1711 Supplemento‚mm
683 1592 1069 1682 Freinshemiauorum
1084 1626 1223 1707 novam
1240 1610 1279 1675 et
1295 1627 1355 1676 ao

95 1712 242 1821 mim,
261 1738 430 1807 curatam
441 1726 660 1816 editionem,
677 1724 781 1821 quod
799 1722 873 1795 Th.
897 1719 1086 1795 He'amius
1108 1718 1148 1791 in
1172 1717 1355 1815 praefatio

96 1778 308 1952 Ξὲᾚὸηθ
325 1842 375 1914 ad
392 1839 540 1914 Livium
563 1864 652 1935 opus
677 1861 760 1910 esse
781 1836 905 1932 spissoe
928 1816 1133 1931 diligentia
1145 1829 1354 1937 judicabat,

259 1956 299 2033 id
316 1952 471 2045 nimium
487 1951 630 2047 experti
648 1950 853 2023 sensimus:
880 1974 950 2022 nec
969 1946 1082 2021 semel
1098 1970 1170 2020 nos
1186 1944 1358 2043 poenimit

259 2063 466 2146 conaminis
484 2063 687 2138 animosius
704 2089 819 2162 quam
836 2074 946 2138 caute
963 2062 1136 2161 suscepti,
1153 2063 1264 2156 cujus
1276 2087 1358 2158 gra·

259 2208 324 2261 ves
340 2180 531 2275 molestias
557 2180 621 2255 vix
645 2180 740 2279 ipsa,
764 2206 848 2278 quae
874 2204 1013 2277 magna
1036 2188 1106 2265 est,
1128 2177 1220 2255 satis
1246 2177 1358 2275 digne

259 2292 434 2399 pensaret
448 2297 600 2395 utilitas.
1252 2306 1257 2315 ‘

117 2517 122 2523 .
309 2414 401 2490 Duo
417 2413 526 2489 nobis
542 2411 758 2512 praestanda
774 2423 891 2500 erant,
917 2420 960 2486 ut
979 2393 1017 2486 et
1038 2410 1162 2509 ipsum
1187 2434 1283 2508 opus
1304 2435 1358 2486 re·

125 2601 133 2620 „
261 2554 584 2631 cognosceremus,
602 2541 640 2604 et
659 2530 872 2605 testimonia
896 2539 1101 2615 auctomm‚
1128 2553 1289 2625 quorum
1313 2551 1359 2603 ex

115 2674 122 2682 ·
260 2647 435 2721 membris
461 2671 538 2721 suae
566 2645 729 2720 historiae
758 2669 894 2744 corpus
927 2644 1202 2742 coagmentavit
1234 2644 1359 2725 Frein-

246 2761 435 2860 shemius,
452 2760 683 2836 restituenda
694 2771 733 2834 et
750 2771 835 2858 apte
851 2761 1077 2836 collocanda
1092 2783 1317 2835 curaremus.

249 2875 270 2960 J
310 2869 469 2970 Primus·
491 2874 552 2947 ille
580 2876 698 2962 labor,
726 2875 790 2971 qui
817 2877 937 2971 major
961 2888 999 2951 et
1027 2877 1217 2973 operosior
1243 2874 1358 2949 videri

261 2999 418 3090 pompat,
446 2989 558 3085 longe
590 2990 766 3065 leviorem
799 2992 908 3066 nobis
941 2992 1150 3068 molestiam
1183 2991 1357 3076 exhibuit,

263 3108 312 3204 ob
330 3105 566 3205 singularem,
592 3133 707 3205 quam
732 3107 872 3182 meritis
892 3109 974 3203 jam
999 3108 1174 3184 laudibus
1196 3107 1357 3191 tulimus,

115 3267 131 3299 n
157 3253 182 3299 ui
198 3267 239 3299 u·-
252 3223 452 3321 scriptoris
471 3223 711 3321 diligentiam.
764 3224 805 3300 Si
821 3250 905 3321 quae
920 3236 1047 3300 tamen
1069 3225 1181 3310 luere,
1199 3221 1358 3322 quae'ille

117 3330 246 3429 ...m
265 3348 330 3444 aut
344 3340 602 3435 negligentius,
622 3349 663 3413 ut
688 3342 741 3426 fit,
758 3350 951 3428 tractasse,
964 3329 1044 3427 aut,
1062 3366 1179 3439 quum
1202 3323 1358 3433 ¹alicujus

262 3453 443 3530 momenti
463 3465 599 3540 essent,
616 3455 827 3530 inconsulte
849 3455 1137 3552 praetermisisse,
1161 3465 1228 3530 aut
1249 3455 1356 3532 etiam

262 3545 427 3673 humano
444 3592 566 3644 errore
580 3569 708 3667 lapsus
724 3595 804 3645 non
820 3570 909 3648 satis
929 3583 1107 3648 accurata
1121 3574 1198 3646 fide
1214 3579 1359 3669 expres-

264 3682 367 3774 sisse,
394 3694 433 3759 et
459 3685 615 3783 paulum
644 3711 668 3761 a
696 3711 785 3762 vero
810 3687 1010 3765 detorsisse
1034 3688 1232 3775 videretur,
1258 3712 1305 3761 eo
1322 3684 1360 3760 in

263 3801 362 3876 notis
379 3802 572 3899 arguenda
593 3810 633 3875 et
652 3804 893 3880 emendanda
918 3804 1118 3880 duximus:
1144 3797 1217 3878 nec
1242 3801 1359 3898 indig-

263 3942 355 3994 num
383 3915 675 3992 existimavimus
703 3917 1009 4009 Freinshemium,
1040 3919 1101 3996 cui
1127 3920 1227 3995 hanc
1253 3941 1361 4017 opem

264 4032 546 4125 adhiberemus;
577 4033 653 4112 imo
680 4033 836 4131 dignum
857 4036 1047 4124 lectorem,
1072 4035 1133 4111 cui
1159 4037 1209 4109 ad
1236 4057 1362 4110 verum
