2942 4750
296 180 435 262 xxxdii
668 177 1010 263 PRAEFATIO.

295 394 427 470 iisdem
453 416 596 469 morum
621 392 941 469 informandorum
965 392 1108 470 monita
1132 400 1172 467 et
1189 402 1384 494 praeque

294 508 496 584 narrationi
512 508 708 607 inspergat.
759 509 850 584 Duo
874 509 928 584 ita
941 507 1122 608 praestitit
1136 506 1279 598 Ιὲιίιιι,
1296 511 1386 587 utsi

296 624 418 700 minus
435 620 565 699 ceteris
577 623 749 698 omnibus
775 624 965 698 dicendus·
983 634 1042 699 est
1056 621 1291 721 praeripuisse
1307 624 1385 724 pal·
1411 694 1416 705 .

296 734 407 826 mam,
425 749 523 815 certa
539 739 631 813 nulli
647 741 836 814 secundus
851 739 979 814 haberi
994 739 1130 838 possit:
1157 740 1251 813 acsi
1267 739 1382 814 histo-

295 856 430 929 riarum
445 853 617 953 son'ptori
632 856 818 930 sufficeret
833 855 922 929 utile
947 854 1231 939 dulcimiscare,
1247 855 1385 930 fissas

295 965 712 1067 quidquamperfectius
738 980 973 1068 quaereretur.
1026 970 1103 1044 Sed
1119 994 1235 1066 quum
1251 970 1383 1045 adver·
1422 1000 1428 1025 ·

296 1108 360 1159 sus
376 1086 490 1159 fidem
506 1084 642 1181 triplici
656 1086 772 1159 modo
788 1111 945 1184 peccare
961 1085 1044 1183 quis
1055 1084 1193 1182 passu,
1209 1083 1382 1163 nimium
1401 1080 1413 1112 ‘

296 1202 354 1275 vel
371 1201 492 1276 sciens
508 1211 547 1274 et
562 1201 701 1288 volens,
720 1201 779 1275 vel
796 1200 933 1276 amoris
946 1211 1011 1275 aut
1026 1199 1225 1275 odiicaecis
1240 1198 1385 1276 insidiis

295 1318 487 1415 deceptus,
517 1315 576 1389 vel
605 1315 829 1439 negligentia
855 1317 1005 1447 lapsus,
1036 1316 1168 1391 harum
1191 1315 1384 1412 culparum

294 1433 435 1507 nullam
450 1456 533 1506 esse
550 1456 574 1504 a
588 1456 665 1528 qua
677 1457 721 1505 se
700 1432 884 1555 semper
899 1432 1100 1505 immunem
1118 1430 1247 1504 livius
1263 1455 1383 1504 serva·

294 1550 396 1636 verit,
414 1541 570 1635 idoneis,
587 1520 826 1644 utpuiamus,
844 1547 1069 1644 argumentis
1084 1545 1332 1644 probavimus

133 1691 264 1738 ιιι-,ιν
316 1663 571 1761 Antequam
578 1663 629 1736 ad
646 1663 800 1746 alteram
824 1663 999 1736 institutae
1023 1661 1284 1759 disputationis
1300 1685 1382 1759 ραι·

219 1768 371 1867 ηΣηιαιιι
387 1792 695 1864 transcampana
720 1778 810 1876 quid
837 1804 862 1851 a
884 1778 1004 1864 nobis,
1030 1777 1134 1875 quod
1160 1776 1317 1872 alicujus
1333 1776 1381 1855 sit

133 1896 244 1931 ¹¹¹¹¹¹
220 1895 484 2002 mmomenti,
511 1894 797 1991 pretermissum
824 1892 980 1978 dicanti,
1008 1893 1084 1965 duo
1109 1892 1218 1967 nobis
1243 1914 1381 1990 expen-

131 1959 218 2123 :ff
180 1962 423 2125 “gg-denda
439 2018 537 2093 sunt,
555 2033 579 2079 a
595 2008 740 2082 Seneca
763 2018 868 2138 patre
883 2018 922 2082 et
939 2006 1063 2081 Plinio
1080 2008 1220 2136 majore
1236 2009 1383 2103 objecta

180 2089 413 2212 ιΜΙιίνὶο,
430 2149 509 2198 non
525 2123 574 2197 ad
592 2147 689 2220 opus
704 2123 831 2222 ipsius,
850 2123 918 2198 sed
936 2123 993 2197 ad
1003 2146 1126 2198 mores
1142 2122 1381 2221 animumque

291 2240 524 2342 pertinentia

130 2374 203 2500 ¹³,ss
161 2389 225 2423 aas
238 2379 295 2426 ιι
344 2354 500 2446 Seneca,
527 2359 591 2434 lib
623 2359 692 2433 lV.
720 2358 899 2436 controv
929 2366 988 2435 24.
1019 2356 1116 2434 hanc
1145 2352 1383 2454 Thucydidis

130 2454 204 2553 insita
147 2443 515 2557 msa-sententiam
541 2477 660 2551 refert.
713 2491 808 2553 Δειναὶ
830 2490 935 2575 palpa
915 2486 946 2549 al
974 2485 1116 2574 ὥιιςιέἰαιι
1141 2483 1308 2573 maudut
1330 2485 1385 2547 sei

128 2567 483 2695 iiiiwmwm
421 2602 839 2690 αιτᾶδκᾶιοναμαςτήματα.
891 2589 1016 2673 Quam
1041 2588 1381 2668 srcrertitSallus-

154 2707 164 2731 '
291 2705 376 2779 tius.
429 2703 549 2777 “Res
566 2704 742 2778 secundae
760 2704 850 2778 mire
867 2714 954 2779 sunt
968 2704 1063 2779 vitiis
1079 2703 1277 2779 obtentui?
1330 2703 1381 2781 T.

288 2838 408 2899 autem
420 2825 587 2912 Livius,
576 2826 696 2922 mqmt
706 2828 862 2912 Seneca,
871 2831 1097 2927 ramumque
1106 2825 1382 2923 Sontiofoit,

288 2947 331 3009 at
346 2937 440 3010 hooc
450 2940 673 3024 sententiam,
684 2951 721 3012 et
734 2951 905 3036 tuaquom
916 2942 1144 3025 tramlotom,
1155 2951 1192 3013 et
1208 2950 1383 3036 taquam

287 3067 495 3155 comptam
503 3058 589 3129 dum
600 3059 831 3154 transfertur,
838 3057 1203 3157 objiceretSollurtio.
1216 3056 1384 3133 Nechoc

287 3198 408 3249 amore
427 3169 656 3270 macyatus
667 3175 784 3268 facit,
801 3185 845 3247 ut
863 3176 968 3248 illum
985 3175 1175 3271 praeferat.
1226 3171 1383 3247 Laudat

287 3275 389 3388 quem
405 3275 477 3363 noia
487 3291 600 3376 timet,
617 3301 654 3363 et
657 3293 817 3386 facilius
826 3301 940 3388 potat
949 3313 1056 3388 posse
1070 3315 1095 3361 a
1110 3313 1146 3363 ιι
1162 3286 1382 3364 Sallustiani

286 3407 396 3489 vinci,
407 3407 441 3476 si
449 3417 534 3478 unte
544 3432 569 3478 o
585 3404 799 3501 duacydiue
811 3406 990 3478 viaeatur.
1042 3402 1083 3478 Si
1100 3403 1149 3478 de
1159 3402 1241 3502 ipsa
1256 3427 1296 3476 re
1313 3403 1381 3478 Se·

286 3542 390 3592 neca
408 3520 606 3605 credimus,
625 3519 732 3613 cujus
758 3543 848 3593 sane
874 3517 1125 3593 testimoninm
1150 3518 1253 3592 haud
1269 3517 1387 3593 facile
1423 3565 1446 3589 ·¹

286 3633 370 3734 quis
387 3634 575 3732 aspernari
591 3633 721 3732 possit,
746 3635 778 3709 si
795 3633 922 3709 Livius
947 3645 1025 3708 tam
1042 3633 1135 3709 futili
1153 3632 1382 3710 criminatio.-

285 3777 335 3825 ne
353 3750 570 3826 Sallustium
596 3749 799 3824 insectatus
824 3762 893 3837 est,
918 3752 1086 3848 profecto
1112 3775 1190 3826 non
1206 3750 1382 3825 videmus

218 3959 225 3974 ·
286 3866 350 3966 qui
366 3866 477 3942 liceat
493 3867 541 3938 ab
556 3866 735 3961 ejusdem·
745 3866 897 3940 Seneca
918 3865 1064 3962 judicio
1081 3865 1298 3941 discedere:
1323 3866 1386 3941 fa·

285 3985 441 4059 tendum
458 3981 526 4055 erit
551 3981 697 4056 Livium
724 3980 902 4056 Sallustio
927 3982 1097 4084 ejusdem
1122 3981 1248 4081 gloriae
1262 4005 1387 4056 aemu-

285 4097 424 4173 latione
448 4098 617 4196 iniquum
641 4096 766 4172 fuisse.
818 4098 921 4182 Quid
943 4098 1043 4174 enim
1068 4100 1232 4199 corrupti
1249 4100 1388 4198 depre-

284 4209 397 4283 hendi
414 4223 537 4306 potest
556 4214 594 4286 in
620 4212 802 4287 sententia
828 4213 1065 4301 Sallustiana,
1084 4240 1167 4314 quae
1183 4215 1388 4312 Thuoydi·

132 1757 204 1866 (ἔροιρι
