<?xml version="1.0" encoding="UTF-8"?>
<!DOCTYPE html PUBLIC "-//W3C//DTD XHTML 1.0 Transitional//EN"
    "http://www.w3.org/TR/xhtml1/DTD/xhtml1-transitional.dtd">
<html xmlns="http://www.w3.org/1999/xhtml" xml:lang="en" lang="en">
 <head>
  <title>
</title>
<meta http-equiv="Content-Type" content="text/html;charset=utf-8" />
  <meta name='ocr-system' content='tesseract 3.04.00' />
  <meta name='ocr-capabilities' content='ocr_page ocr_carea ocr_par ocr_line ocrx_word'/>
</head>
<body>
  <div class='ocr_page' id='page_1' title='image "./tliviipatavinih05crevgoog/tliviipatavinih05crevgoog_0214.png"; bbox 0 0 2942 4750; ppageno 0'>
   <div class='ocr_carea' id='block_1_1' title="bbox 307 112 974 189">
    <p class='ocr_par' dir='ltr' id='par_1_1' title="bbox 307 112 974 189">
     <span class='ocr_line' id='line_1_1' title="bbox 307 112 974 189; baseline -0.006 -9"><span class='ocrx_word' id='word_1_1' title='bbox 307 125 367 189; x_wconf 71' lang='lat'><em>208</em></span> <span class='ocrx_word' id='word_1_2' title='bbox 703 116 811 178; x_wconf 80' lang='grc' dir='ltr'>ΤΙΤῙ</span> <span class='ocrx_word' id='word_1_3' title='bbox 842 112 974 178; x_wconf 74' lang='lat' dir='ltr'><em>u1v11</em></span> 
     </span>
    </p>
   </div>
   <div class='ocr_carea' id='block_1_2' title="bbox 146 279 1449 2814">
    <p class='ocr_par' dir='ltr' id='par_1_2' title="bbox 147 279 1375 365">
     <span class='ocr_line' id='line_1_2' title="bbox 147 279 1375 365; baseline -0.003 -17"><span class='ocrx_word' id='word_1_4' title='bbox 147 284 177 331; x_wconf 77' lang='lat' dir='ltr'><em>U·</em></span> <span class='ocrx_word' id='word_1_5' title='bbox 188 284 215 332; x_wconf 56' lang='grc' dir='ltr'><em>(ἒ</em></span> <span class='ocrx_word' id='word_1_6' title='bbox 226 284 282 333; x_wconf 74' lang='lat'><em>⁵⁸⁵·</em></span> <span class='ocrx_word' id='word_1_7' title='bbox 311 292 333 325; x_wconf 85' lang='grc'><strong>“</strong></span> <span class='ocrx_word' id='word_1_8' title='bbox 338 282 452 365; x_wconf 77' lang='lat' dir='ltr'><em>fecisti,</em></span> <span class='ocrx_word' id='word_1_9' title='bbox 467 292 495 346; x_wconf 88' lang='lat' dir='ltr'><em>et</em></span> <span class='ocrx_word' id='word_1_10' title='bbox 508 283 542 345; x_wconf 86' lang='lat' dir='ltr'><em>in</em></span> <span class='ocrx_word' id='word_1_11' title='bbox 552 282 648 344; x_wconf 83' lang='lat' dir='ltr'><em>aciem</em></span> <span class='ocrx_word' id='word_1_12' title='bbox 658 302 696 343; x_wconf 77' lang='lat' dir='ltr'><em>ex</em></span> <span class='ocrx_word' id='word_1_13' title='bbox 707 282 815 342; x_wconf 83' lang='lat' dir='ltr'><em>itinere</em></span> <span class='ocrx_word' id='word_1_14' title='bbox 825 282 952 343; x_wconf 75' lang='lat' dir='ltr'><em>dimisti.</em></span> <span class='ocrx_word' id='word_1_15' title='bbox 995 280 1046 342; x_wconf 87' lang='lat' dir='ltr'><em>Ne</em></span> <span class='ocrx_word' id='word_1_16' title='bbox 1056 279 1195 343; x_wconf 83' lang='lat' dir='ltr'><em>uictorem</em></span> <span class='ocrx_word' id='word_1_17' title='bbox 1210 282 1330 363; x_wconf 87' lang='lat' dir='ltr'><em>quidem</em></span> <span class='ocrx_word' id='word_1_18' title='bbox 1343 293 1375 346; x_wconf 81' lang='lat' dir='ltr'><em>te</em></span> 
     </span>
    </p>

    <p class='ocr_par' dir='ltr' id='par_1_3' title="bbox 146 347 1375 1631">
     <span class='ocr_line' id='line_1_3' title="bbox 146 347 1372 451; baseline -0.001 -20"><span class='ocrx_word' id='word_1_19' title='bbox 146 348 178 399; x_wconf 79' lang='lat' dir='ltr'><em>A.</em></span> <span class='ocrx_word' id='word_1_20' title='bbox 190 347 216 394; x_wconf 57' lang='grc' dir='ltr'><em>α</em></span> <span class='ocrx_word' id='word_1_21' title='bbox 229 349 283 398; x_wconf 73' lang='lat'><strong>¹⁶⁷·</strong></span> <span class='ocrx_word' id='word_1_22' title='bbox 309 375 333 411; x_wconf 82' lang='lat'><em>‘⁴</em></span> <span class='ocrx_word' id='word_1_23' title='bbox 346 372 536 451; x_wconf 75' lang='lat' dir='ltr'><em>adquiescere</em></span> <span class='ocrx_word' id='word_1_24' title='bbox 544 386 655 447; x_wconf 84' lang='lat' dir='ltr'><em>passus</em></span> <span class='ocrx_word' id='word_1_25' title='bbox 670 374 735 427; x_wconf 88' lang='lat' dir='ltr'><em>est:</em></span> <span class='ocrx_word' id='word_1_26' title='bbox 756 366 857 427; x_wconf 89' lang='lat' dir='ltr'><em>statim</em></span> <span class='ocrx_word' id='word_1_27' title='bbox 872 368 915 427; x_wconf 88' lang='lat' dir='ltr'><em>ad</em></span> <span class='ocrx_word' id='word_1_28' title='bbox 930 365 1149 446; x_wconf 86' lang='lat' dir='ltr'><em>persequendos</em></span> <span class='ocrx_word' id='word_1_29' title='bbox 1159 365 1258 428; x_wconf 86' lang='lat' dir='ltr'><em>bostes</em></span> <span class='ocrx_word' id='word_1_30' title='bbox 1268 369 1372 430; x_wconf 78' lang='lat' dir='ltr'><em>dcccii.</em></span> 
     </span>
     <span class='ocr_line' id='line_1_4' title="bbox 295 448 1375 531; baseline 0 -16"><span class='ocrx_word' id='word_1_31' title='bbox 295 462 333 494; x_wconf 87' lang='lat'><em>·“</em></span> <span class='ocrx_word' id='word_1_32' title='bbox 350 453 447 527; x_wconf 79' lang='lat' dir='ltr'><em>Quum</em></span> <span class='ocrx_word' id='word_1_33' title='bbox 464 464 491 514; x_wconf 91' lang='lat' dir='ltr'><em>te</em></span> <span class='ocrx_word' id='word_1_34' title='bbox 502 453 608 531; x_wconf 80' lang='lat' dir='ltr'><em>preda</em></span> <span class='ocrx_word' id='word_1_35' title='bbox 621 451 787 528; x_wconf 87' lang='lat' dir='ltr'><em>partienda</em></span> <span class='ocrx_word' id='word_1_36' title='bbox 801 451 971 529; x_wconf 82' lang='lat' dir='ltr'><em>lacicpietem</em></span> <span class='ocrx_word' id='word_1_37' title='bbox 977 448 1203 528; x_wconf 77' lang='lat' dir='ltr'><em>sacereposset,</em></span> <span class='ocrx_word' id='word_1_38' title='bbox 1210 453 1375 531; x_wconf 72' lang='lat' dir='ltr'><em>peccarium</em></span> 
     </span>
     <span class='ocr_line' id='line_1_5' title="bbox 309 534 1372 620; baseline -0.004 -19"><span class='ocrx_word' id='word_1_39' title='bbox 309 547 332 579; x_wconf 88' lang='lat'>“</span> <span class='ocrx_word' id='word_1_40' title='bbox 346 539 460 620; x_wconf 84' lang='lat' dir='ltr'><em>regium</em></span> <span class='ocrx_word' id='word_1_41' title='bbox 475 537 676 597; x_wconf 86' lang='lat' dir='ltr'><em>translaturus</em></span> <span class='ocrx_word' id='word_1_42' title='bbox 691 535 723 594; x_wconf 88' lang='lat' dir='ltr'><em>in</em></span> <span class='ocrx_word' id='word_1_43' title='bbox 737 534 891 614; x_wconf 78' lang='lat' dir='ltr'><em>triumpho</em></span> <span class='ocrx_word' id='word_1_44' title='bbox 906 544 959 608; x_wconf 89' lang='lat' dir='ltr'><em>est,</em></span> <span class='ocrx_word' id='word_1_45' title='bbox 976 543 1005 595; x_wconf 93' lang='lat' dir='ltr'><em>et</em></span> <span class='ocrx_word' id='word_1_46' title='bbox 1014 536 1048 595; x_wconf 88' lang='lat' dir='ltr'><em>in</em></span> <span class='ocrx_word' id='word_1_47' title='bbox 1063 536 1206 595; x_wconf 81' lang='lat' dir='ltr'><em>cerarium</em></span> <span class='ocrx_word' id='word_1_48' title='bbox 1219 534 1372 598; x_wconf 89' lang='lat' dir='ltr'><em>laturus.”</em></span> 
     </span>
     <span class='ocr_line' id='line_1_6' title="bbox 311 619 1373 698; baseline -0.008 -10"><span class='ocrx_word' id='word_1_49' title='bbox 311 624 389 689; x_wconf 83' lang='lat' dir='ltr'><em>Haec</em></span> <span class='ocrx_word' id='word_1_50' title='bbox 403 624 478 683; x_wconf 84' lang='lat' dir='ltr'><em>sicat</em></span> <span class='ocrx_word' id='word_1_51' title='bbox 493 622 536 681; x_wconf 88' lang='lat' dir='ltr'><em>ad</em></span> <span class='ocrx_word' id='word_1_52' title='bbox 548 620 676 680; x_wconf 90' lang='lat' dir='ltr'><em>militum</em></span> <span class='ocrx_word' id='word_1_53' title='bbox 691 619 810 679; x_wconf 86' lang='lat' dir='ltr'><em>animos</em></span> <span class='ocrx_word' id='word_1_54' title='bbox 824 620 1020 680; x_wconf 77' lang='lat' dir='ltr'><em>stimulandos</em></span> <span class='ocrx_word' id='word_1_55' title='bbox 1034 619 1161 698; x_wconf 84' lang='lat' dir='ltr'><em>aliquem</em></span> <span class='ocrx_word' id='word_1_56' title='bbox 1171 620 1304 680; x_wconf 74' lang='lat' dir='ltr'><em>nucleum</em></span> <span class='ocrx_word' id='word_1_57' title='bbox 1314 621 1373 680; x_wconf 79' lang='lat' dir='ltr'><em>lui·</em></span> 
     </span>
     <span class='ocr_line' id='line_1_7' title="bbox 310 703 1371 786; baseline 0.001 -21"><span class='ocrx_word' id='word_1_58' title='bbox 310 708 389 780; x_wconf 83' lang='lat' dir='ltr'><em>beat,</em></span> <span class='ocrx_word' id='word_1_59' title='bbox 405 707 458 786; x_wconf 87' lang='lat' dir='ltr'><em>qui</em></span> <span class='ocrx_word' id='word_1_60' title='bbox 472 724 575 783; x_wconf 90' lang='lat' dir='ltr'><em>parum</em></span> <span class='ocrx_word' id='word_1_61' title='bbox 589 704 727 775; x_wconf 82' lang='lat' dir='ltr'><em>licentiae,</em></span> <span class='ocrx_word' id='word_1_62' title='bbox 740 723 851 781; x_wconf 84' lang='lat' dir='ltr'><em>parum</em></span> <span class='ocrx_word' id='word_1_63' title='bbox 872 704 1007 765; x_wconf 75' lang='lat' dir='ltr'><em>avaritie</em></span> <span class='ocrx_word' id='word_1_64' title='bbox 1026 723 1090 764; x_wconf 81' lang='lat' dir='ltr'><em>sicce</em></span> <span class='ocrx_word' id='word_1_65' title='bbox 1105 703 1277 765; x_wconf 74' lang='lat' dir='ltr'><em>iruernitun</em></span> <span class='ocrx_word' id='word_1_66' title='bbox 1299 724 1371 766; x_wconf 84' lang='lat' dir='ltr'><em>cem·</em></span> 
     </span>
     <span class='ocr_line' id='line_1_8' title="bbox 308 787 1373 869; baseline -0.003 -16"><span class='ocrx_word' id='word_1_67' title='bbox 308 801 398 859; x_wconf 85' lang='lat' dir='ltr'><em>sent,·</em></span> <span class='ocrx_word' id='word_1_68' title='bbox 427 793 473 850; x_wconf 89' lang='lat' dir='ltr'><em>ita</em></span> <span class='ocrx_word' id='word_1_69' title='bbox 494 790 577 868; x_wconf 70' lang='lat' dir='ltr'><em>aqud</em></span> <span class='ocrx_word' id='word_1_70' title='bbox 591 789 732 867; x_wconf 88' lang='lat' dir='ltr'><em>populum</em></span> <span class='ocrx_word' id='word_1_71' title='bbox 760 787 923 849; x_wconf 82' lang='lat' dir='ltr'><em>Romanum</em></span> <span class='ocrx_word' id='word_1_72' title='bbox 943 788 1022 848; x_wconf 85' lang='lat' dir='ltr'><em>nibil</em></span> <span class='ocrx_word' id='word_1_73' title='bbox 1041 787 1220 849; x_wconf 70' lang='lat' dir='ltr'><em>vabcusent:</em></span> <span class='ocrx_word' id='word_1_74' title='bbox 1248 789 1310 869; x_wconf 91' lang='lat' dir='ltr'><em>qui,</em></span> <span class='ocrx_word' id='word_1_75' title='bbox 1337 799 1373 850; x_wconf 84' lang='lat' dir='ltr'><em>ut</em></span> 
     </span>
     <span class='ocr_line' id='line_1_9' title="bbox 308 871 1373 953; baseline -0.004 -14"><span class='ocrx_word' id='word_1_76' title='bbox 308 884 410 939; x_wconf 82' lang='lat' dir='ltr'><em>uetera</em></span> <span class='ocrx_word' id='word_1_77' title='bbox 422 883 510 953; x_wconf 90' lang='lat' dir='ltr'><em>atque</em></span> <span class='ocrx_word' id='word_1_78' title='bbox 521 874 628 933; x_wconf 81' lang='lat' dir='ltr'><em>atcdito</em></span> <span class='ocrx_word' id='word_1_79' title='bbox 639 871 843 951; x_wconf 85' lang='lat' dir='ltr'><em>aparentibus</em></span> <span class='ocrx_word' id='word_1_80' title='bbox 852 872 912 933; x_wconf 87' lang='lat' dir='ltr'><em>suis</em></span> <span class='ocrx_word' id='word_1_81' title='bbox 922 892 982 932; x_wconf 85' lang='lat' dir='ltr'><em>non</em></span> <span class='ocrx_word' id='word_1_82' title='bbox 992 880 1117 949; x_wconf 86' lang='lat' dir='ltr'><em>repetat,</em></span> <span class='ocrx_word' id='word_1_83' title='bbox 1129 892 1197 953; x_wconf 80' lang='lat' dir='ltr'><em>quoe</em></span> <span class='ocrx_word' id='word_1_84' title='bbox 1206 872 1373 935; x_wconf 74' lang='lat' dir='ltr'><em>ambitione</em></span> 
     </span>
     <span class='ocr_line' id='line_1_10' title="bbox 309 957 1374 1039; baseline -0.003 -18"><span class='ocrx_word' id='word_1_85' title='bbox 309 960 522 1039; x_wconf 84' lang='lat' dir='ltr'><em>imperatorum</em></span> <span class='ocrx_word' id='word_1_86' title='bbox 532 958 632 1018; x_wconf 82' lang='lat' dir='ltr'><em>clades</em></span> <span class='ocrx_word' id='word_1_87' title='bbox 646 965 777 1034; x_wconf 75' lang='lat' dir='ltr'><em>accepte</em></span> <span class='ocrx_word' id='word_1_88' title='bbox 785 957 853 1027; x_wconf 89' lang='lat' dir='ltr'><em>sint,</em></span> <span class='ocrx_word' id='word_1_89' title='bbox 865 976 932 1036; x_wconf 76' lang='lat' dir='ltr'><em>que</em></span> <span class='ocrx_word' id='word_1_90' title='bbox 941 958 1098 1018; x_wconf 85' lang='lat' dir='ltr'><em>seueritate</em></span> <span class='ocrx_word' id='word_1_91' title='bbox 1108 957 1231 1035; x_wconf 87' lang='lat' dir='ltr'><em>imperii</em></span> <span class='ocrx_word' id='word_1_92' title='bbox 1239 957 1374 1018; x_wconf 68' lang='lat' dir='ltr'><em>victoria</em></span> 
     </span>
     <span class='ocr_line' id='line_1_11' title="bbox 304 1040 1373 1125; baseline -0.001 -22"><span class='ocrx_word' id='word_1_93' title='bbox 304 1053 421 1125; x_wconf 72' lang='lat' dir='ltr'><em>partie,</em></span> <span class='ocrx_word' id='word_1_94' title='bbox 431 1044 573 1121; x_wconf 75' lang='lat' dir='ltr'><em>proximo</em></span> <span class='ocrx_word' id='word_1_95' title='bbox 593 1050 672 1102; x_wconf 88' lang='lat' dir='ltr'><em>certe</em></span> <span class='ocrx_word' id='word_1_96' title='bbox 692 1040 811 1101; x_wconf 85' lang='lat' dir='ltr'><em>Punica</em></span> <span class='ocrx_word' id='word_1_97' title='bbox 825 1041 911 1113; x_wconf 89' lang='lat' dir='ltr'><em>bello,</em></span> <span class='ocrx_word' id='word_1_98' title='bbox 934 1041 1006 1121; x_wconf 87' lang='lat' dir='ltr'><em>quid</em></span> <span class='ocrx_word' id='word_1_99' title='bbox 1027 1042 1108 1101; x_wconf 88' lang='lat' dir='ltr'><em>inter</em></span> <span class='ocrx_word' id='word_1_100' title='bbox 1123 1041 1174 1102; x_wconf 88' lang='grc' dir='ltr'><em>Μ.</em></span> <span class='ocrx_word' id='word_1_101' title='bbox 1197 1041 1373 1103; x_wconf 87' lang='lat' dir='ltr'><em>Minucium</em></span> 
     </span>
     <span class='ocr_line' id='line_1_12' title="bbox 309 1124 1373 1209; baseline -0.001 -21"><span class='ocrx_word' id='word_1_102' title='bbox 309 1128 484 1209; x_wconf 80' lang='lat' dir='ltr'><em>magistram</em></span> <span class='ocrx_word' id='word_1_103' title='bbox 499 1128 628 1207; x_wconf 86' lang='lat' dir='ltr'><em>equiturn</em></span> <span class='ocrx_word' id='word_1_104' title='bbox 643 1135 672 1187; x_wconf 86' lang='lat' dir='ltr'><em>et</em></span> <span class='ocrx_word' id='word_1_105' title='bbox 690 1124 730 1198; x_wconf 75' lang='lat' dir='ltr'><em>Q.</em></span> <span class='ocrx_word' id='word_1_106' title='bbox 752 1124 880 1187; x_wconf 87' lang='lat' dir='ltr'><em>Fabium</em></span> <span class='ocrx_word' id='word_1_107' title='bbox 897 1124 1070 1185; x_wconf 74' lang='lat' dir='ltr'><em>Maximum</em></span> <span class='ocrx_word' id='word_1_108' title='bbox 1083 1125 1258 1186; x_wconf 87' lang='lat' dir='ltr'><em>dictatorem</em></span> <span class='ocrx_word' id='word_1_109' title='bbox 1274 1127 1373 1187; x_wconf 74' lang='lat' dir='ltr'><em>intem·</em></span> 
     </span>
     <span class='ocr_line' id='line_1_13' title="bbox 298 1209 1373 1295; baseline -0.005 -18"><span class='ocrx_word' id='word_1_110' title='bbox 298 1211 414 1295; x_wconf 77' lang='lat' dir='ltr'><em>faerit,</em></span> <span class='ocrx_word' id='word_1_111' title='bbox 439 1213 583 1273; x_wconf 85' lang='lat' dir='ltr'><em>meminit.</em></span> <span class='ocrx_word' id='word_1_112' title='bbox 628 1211 646 1241; x_wconf 82' lang='lat'><em>⁸¹</em></span> <span class='ocrx_word' id='word_1_113' title='bbox 660 1210 772 1290; x_wconf 89' lang='lat' dir='ltr'><em>Itaque</em></span> <span class='ocrx_word' id='word_1_114' title='bbox 793 1219 999 1269; x_wconf 74' lang='lat' dir='ltr'><em>accusatorem</em></span> <span class='ocrx_word' id='word_1_115' title='bbox 1021 1210 1054 1268; x_wconf 87' lang='lat' dir='ltr'><em>id</em></span> <span class='ocrx_word' id='word_1_116' title='bbox 1077 1209 1152 1270; x_wconf 87' lang='lat' dir='ltr'><em>scire</em></span> <span class='ocrx_word' id='word_1_117' title='bbox 1169 1211 1314 1288; x_wconf 85' lang='lat' dir='ltr'><em>potuisse,</em></span> <span class='ocrx_word' id='word_1_118' title='bbox 1342 1220 1373 1272; x_wconf 88' lang='lat' dir='ltr'><em>et</em></span> 
     </span>
     <span class='ocr_line' id='line_1_14' title="bbox 310 1293 1370 1378; baseline -0.002 -20"><span class='ocrx_word' id='word_1_119' title='bbox 310 1315 560 1376; x_wconf 70' lang='lat' dir='ltr'><em>supervacaneam</em></span> <span class='ocrx_word' id='word_1_120' title='bbox 571 1294 768 1378; x_wconf 73' lang='lat' dir='ltr'><em>defensionem</em></span> <span class='ocrx_word' id='word_1_121' title='bbox 783 1294 1001 1376; x_wconf 81' lang='lat' dir='ltr'><em>Patdlisuisse.</em></span> <span class='ocrx_word' id='word_1_122' title='bbox 1042 1293 1230 1354; x_wconf 88' lang='lat' dir='ltr'><em>Transeatur</em></span> <span class='ocrx_word' id='word_1_123' title='bbox 1240 1296 1283 1355; x_wconf 88' lang='lat' dir='ltr'><em>acl</em></span> <span class='ocrx_word' id='word_1_124' title='bbox 1292 1296 1370 1356; x_wconf 87' lang='lat' dir='ltr'><em>alte·</em></span> 
     </span>
     <span class='ocr_line' id='line_1_15' title="bbox 311 1376 1372 1457; baseline -0.002 -16"><span class='ocrx_word' id='word_1_125' title='bbox 311 1401 378 1441; x_wconf 90' lang='lat' dir='ltr'><em>ram</em></span> <span class='ocrx_word' id='word_1_126' title='bbox 392 1382 558 1441; x_wconf 83' lang='lat' dir='ltr'><em>concionem</em></span> <span class='ocrx_word' id='word_1_127' title='bbox 570 1403 580 1438; x_wconf 90' lang='lat'><em>.·</em></span> <span class='ocrx_word' id='word_1_128' title='bbox 602 1400 655 1439; x_wconf 89' lang='lat' dir='ltr'><em>nec</em></span> <span class='ocrx_word' id='word_1_129' title='bbox 672 1377 805 1451; x_wconf 76' lang='lat' dir='ltr'><em>Quirites</em></span> <span class='ocrx_word' id='word_1_130' title='bbox 818 1399 877 1452; x_wconf 86' lang='lat' dir='ltr'><em>vos,</em></span> <span class='ocrx_word' id='word_1_131' title='bbox 898 1381 953 1439; x_wconf 89' lang='lat' dir='ltr'><em>sed</em></span> <span class='ocrx_word' id='word_1_132' title='bbox 966 1377 1072 1439; x_wconf 78' lang='lat' dir='ltr'><em>milites</em></span> <span class='ocrx_word' id='word_1_133' title='bbox 1086 1376 1190 1439; x_wconf 84' lang='lat' dir='ltr'><em>videor</em></span> <span class='ocrx_word' id='word_1_134' title='bbox 1204 1378 1372 1457; x_wconf 84' lang='lat' dir='ltr'><em>adpellatu-</em></span> 
     </span>
     <span class='ocr_line' id='line_1_16' title="bbox 311 1463 1370 1538; baseline -0.001 -12"><span class='ocrx_word' id='word_1_135' title='bbox 311 1485 374 1538; x_wconf 84' lang='lat' dir='ltr'><em>rus,</em></span> <span class='ocrx_word' id='word_1_136' title='bbox 390 1467 418 1526; x_wconf 92' lang='lat' dir='ltr'><em>si</em></span> <span class='ocrx_word' id='word_1_137' title='bbox 432 1486 531 1525; x_wconf 83' lang='lat' dir='ltr'><em>rmmeu</em></span> <span class='ocrx_word' id='word_1_138' title='bbox 546 1466 600 1525; x_wconf 84' lang='lat' dir='ltr'><em>boc</em></span> <span class='ocrx_word' id='word_1_139' title='bbox 613 1465 715 1525; x_wconf 84' lang='lat' dir='ltr'><em>saltem</em></span> <span class='ocrx_word' id='word_1_140' title='bbox 731 1464 864 1526; x_wconf 80' lang='lat' dir='ltr'><em>ruborem</em></span> <span class='ocrx_word' id='word_1_141' title='bbox 880 1464 1021 1536; x_wconf 80' lang='lat' dir='ltr'><em>incutere,</em></span> <span class='ocrx_word' id='word_1_142' title='bbox 1042 1471 1070 1522; x_wconf 89' lang='lat' dir='ltr'><em>et</em></span> <span class='ocrx_word' id='word_1_143' title='bbox 1085 1463 1287 1523; x_wconf 85' lang='lat' dir='ltr'><em>verecundiam</em></span> <span class='ocrx_word' id='word_1_144' title='bbox 1307 1465 1370 1525; x_wconf 91' lang='lat' dir='ltr'><em>ali·</em></span> 
     </span>
     <span class='ocr_line' id='line_1_17' title="bbox 313 1548 1015 1631; baseline -0.003 -21"><span class='ocrx_word' id='word_1_145' title='bbox 313 1568 404 1631; x_wconf 83' lang='lat' dir='ltr'><em>quom</em></span> <span class='ocrx_word' id='word_1_146' title='bbox 418 1550 609 1627; x_wconf 86' lang='lat' dir='ltr'><em>imperatoris</em></span> <span class='ocrx_word' id='word_1_147' title='bbox 623 1550 761 1609; x_wconf 85' lang='lat' dir='ltr'><em>violandi</em></span> <span class='ocrx_word' id='word_1_148' title='bbox 775 1548 897 1630; x_wconf 82' lang='lat' dir='ltr'><em>aelserrc</em></span> <span class='ocrx_word' id='word_1_149' title='bbox 906 1549 1015 1628; x_wconf 86' lang='lat' dir='ltr'><em>possit.</em></span> 
     </span>
    </p>

    <p class='ocr_par' dir='ltr' id='par_1_4' title="bbox 257 1628 1449 2814">
     <span class='ocr_line' id='line_1_18' title="bbox 257 1628 1373 1715; baseline -0.001 -21"><span class='ocrx_word' id='word_1_150' title='bbox 257 1628 260 1635; x_wconf 79' lang='grc'><strong><em>’</em></strong></span> <span class='ocrx_word' id='word_1_151' title='bbox 359 1631 555 1694; x_wconf 86' lang='lat' dir='ltr'><strong>XXXVIII.</strong></span> <span class='ocrx_word' id='word_1_152' title='bbox 577 1634 726 1712; x_wconf 82' lang='lat' dir='ltr'><em>Equidem</em></span> <span class='ocrx_word' id='word_1_153' title='bbox 749 1635 813 1711; x_wconf 90' lang='lat' dir='ltr'><em>ipse</em></span> <span class='ocrx_word' id='word_1_154' title='bbox 833 1633 923 1693; x_wconf 88' lang='lat' dir='ltr'><em>aliter</em></span> <span class='ocrx_word' id='word_1_155' title='bbox 943 1633 1078 1713; x_wconf 70' lang='lat' dir='ltr'><em>adfeectus</em></span> <span class='ocrx_word' id='word_1_156' title='bbox 1102 1634 1203 1695; x_wconf 89' lang='lat' dir='ltr'><em>anima</em></span> <span class='ocrx_word' id='word_1_157' title='bbox 1224 1652 1299 1710; x_wconf 79' lang='lat' dir='ltr'><em>mun,</em></span> <span class='ocrx_word' id='word_1_158' title='bbox 1321 1633 1373 1715; x_wconf 85' lang='lat' dir='ltr'><em>qui</em></span> 
     </span>
     <span class='ocr_line' id='line_1_19' title="bbox 314 1716 1371 1799; baseline -0.001 -20"><span class='ocrx_word' id='word_1_159' title='bbox 314 1720 399 1799; x_wconf 82' lang='lat' dir='ltr'><em>apud</em></span> <span class='ocrx_word' id='word_1_160' title='bbox 408 1719 568 1779; x_wconf 76' lang='lat' dir='ltr'><em>exercitum</em></span> <span class='ocrx_word' id='word_1_161' title='bbox 582 1716 658 1777; x_wconf 77' lang='lat' dir='ltr'><em>arilei</em></span> <span class='ocrx_word' id='word_1_162' title='bbox 670 1716 750 1797; x_wconf 89' lang='lat' dir='ltr'><em>loqui</em></span> <span class='ocrx_word' id='word_1_163' title='bbox 760 1717 871 1790; x_wconf 73' lang='lat' dir='ltr'><em>vatem,</em></span> <span class='ocrx_word' id='word_1_164' title='bbox 883 1738 971 1798; x_wconf 88' lang='lat' dir='ltr'><em>quam</em></span> <span class='ocrx_word' id='word_1_165' title='bbox 976 1719 1084 1798; x_wconf 88' lang='lat' dir='ltr'><em>paullo</em></span> <span class='ocrx_word' id='word_1_166' title='bbox 1095 1728 1165 1778; x_wconf 88' lang='lat' dir='ltr'><em>ante</em></span> <span class='ocrx_word' id='word_1_167' title='bbox 1175 1737 1269 1791; x_wconf 88' lang='lat' dir='ltr'><em>eram,</em></span> <span class='ocrx_word' id='word_1_168' title='bbox 1283 1738 1371 1798; x_wconf 84' lang='lat' dir='ltr'><em>qrcum</em></span> 
     </span>
     <span class='ocr_line' id='line_1_20' title="bbox 315 1801 1373 1883; baseline -0.004 -17"><span class='ocrx_word' id='word_1_169' title='bbox 315 1804 358 1866; x_wconf 87' lang='lat' dir='ltr'><em>ad</em></span> <span class='ocrx_word' id='word_1_170' title='bbox 375 1803 490 1883; x_wconf 87' lang='lat' dir='ltr'><em>plebem</em></span> <span class='ocrx_word' id='word_1_171' title='bbox 510 1801 657 1863; x_wconf 88' lang='lat' dir='ltr'><em>urbanam</em></span> <span class='ocrx_word' id='word_1_172' title='bbox 680 1801 834 1880; x_wconf 76' lang='lat' dir='ltr'><em>spectabat</em></span> <span class='ocrx_word' id='word_1_173' title='bbox 853 1802 961 1864; x_wconf 88' lang='lat' dir='ltr'><em>oratio.</em></span> <span class='ocrx_word' id='word_1_174' title='bbox 1005 1803 1025 1832; x_wconf 81' lang='lat'><em>&#39;²</em></span> <span class='ocrx_word' id='word_1_175' title='bbox 1042 1802 1125 1873; x_wconf 84' lang='lat' dir='ltr'><em>Quid</em></span> <span class='ocrx_word' id='word_1_176' title='bbox 1147 1802 1237 1869; x_wconf 86' lang='lat' dir='ltr'><em>etiam</em></span> <span class='ocrx_word' id='word_1_177' title='bbox 1256 1802 1373 1875; x_wconf 85' lang='lat' dir='ltr'><em>dicitis,</em></span> 
     </span>
     <span class='ocr_line' id='line_1_21' title="bbox 315 1886 1374 1968; baseline -0.001 -19"><span class='ocrx_word' id='word_1_178' title='bbox 315 1888 451 1949; x_wconf 82' lang='lat' dir='ltr'><em>milites?</em></span> <span class='ocrx_word' id='word_1_179' title='bbox 497 1886 620 1966; x_wconf 84' lang='lat' dir='ltr'><em>Aliquis</em></span> <span class='ocrx_word' id='word_1_180' title='bbox 635 1894 678 1947; x_wconf 89' lang='lat' dir='ltr'><em>est</em></span> <span class='ocrx_word' id='word_1_181' title='bbox 692 1886 809 1959; x_wconf 73' lang='lat' dir='ltr'><em>Roma,</em></span> <span class='ocrx_word' id='word_1_182' title='bbox 821 1896 929 1964; x_wconf 81' lang='lat' dir='ltr'><em>prater</em></span> <span class='ocrx_word' id='word_1_183' title='bbox 938 1888 1062 1959; x_wconf 87' lang='lat' dir='ltr'><em>Persea,</em></span> <span class='ocrx_word' id='word_1_184' title='bbox 1078 1888 1131 1968; x_wconf 90' lang='lat' dir='ltr'><em>qui</em></span> <span class='ocrx_word' id='word_1_185' title='bbox 1141 1886 1321 1965; x_wconf 75' lang='lat' dir='ltr'><em>triumphari</em></span> <span class='ocrx_word' id='word_1_186' title='bbox 1335 1888 1374 1947; x_wconf 88' lang='lat' dir='ltr'><em>cle</em></span> 
     </span>
     <span class='ocr_line' id='line_1_22' title="bbox 317 1970 1374 2051; baseline 0.001 -20"><span class='ocrx_word' id='word_1_187' title='bbox 317 1970 535 2031; x_wconf 87' lang='lat' dir='ltr'><em>Macedonibus</em></span> <span class='ocrx_word' id='word_1_188' title='bbox 549 1971 625 2030; x_wconf 91' lang='lat' dir='ltr'><em>nolit</em></span> <span class='ocrx_word' id='word_1_189' title='bbox 637 1974 653 2028; x_wconf 71' lang='lat' dir='ltr'><em>t</em></span> <span class='ocrx_word' id='word_1_190' title='bbox 670 1979 699 2032; x_wconf 92' lang='lat' dir='ltr'><em>et</em></span> <span class='ocrx_word' id='word_1_191' title='bbox 710 1991 774 2030; x_wconf 91' lang='lat' dir='ltr'><em>eurn</em></span> <span class='ocrx_word' id='word_1_192' title='bbox 786 1991 843 2031; x_wconf 88' lang='lat' dir='ltr'><em>non</em></span> <span class='ocrx_word' id='word_1_193' title='bbox 855 1972 960 2032; x_wconf 88' lang='lat' dir='ltr'><em>iisdem</em></span> <span class='ocrx_word' id='word_1_194' title='bbox 969 1971 1101 2033; x_wconf 85' lang='lat' dir='ltr'><em>manibus</em></span> <span class='ocrx_word' id='word_1_195' title='bbox 1111 1972 1293 2051; x_wconf 75' lang='lat' dir='ltr'><em>discerpitis,</em></span> <span class='ocrx_word' id='word_1_196' title='bbox 1306 1972 1374 2051; x_wconf 91' lang='lat' dir='ltr'><em>qui·</em></span> 
     </span>
     <span class='ocr_line' id='line_1_23' title="bbox 316 2050 1373 2135; baseline 0.001 -20"><span class='ocrx_word' id='word_1_197' title='bbox 316 2054 370 2115; x_wconf 74' lang='lat' dir='ltr'><em>bras</em></span> <span class='ocrx_word' id='word_1_198' title='bbox 384 2050 566 2117; x_wconf 81' lang='lat' dir='ltr'><em>Macedcmas</em></span> <span class='ocrx_word' id='word_1_199' title='bbox 580 2055 723 2115; x_wconf 80' lang='lat' dir='ltr'><em>vicistis?</em></span> <span class='ocrx_word' id='word_1_200' title='bbox 757 2054 878 2117; x_wconf 72' lang='lat' dir='ltr'><em>Vincere</em></span> <span class='ocrx_word' id='word_1_201' title='bbox 891 2077 940 2117; x_wconf 77' lang='lat' dir='ltr'><em>cas</em></span> <span class='ocrx_word' id='word_1_202' title='bbox 950 2056 1162 2135; x_wconf 78' lang='lat' dir='ltr'><em>prohibuisset,</em></span> <span class='ocrx_word' id='word_1_203' title='bbox 1178 2058 1206 2118; x_wconf 90' lang='lat' dir='ltr'><em>si</em></span> <span class='ocrx_word' id='word_1_204' title='bbox 1214 2056 1373 2135; x_wconf 74' lang='lat' dir='ltr'><em>poudsser,</em></span> 
     </span>
     <span class='ocr_line' id='line_1_24' title="bbox 316 2137 1375 2219; baseline 0.005 -22"><span class='ocrx_word' id='word_1_205' title='bbox 316 2137 369 2218; x_wconf 88' lang='lat' dir='ltr'><em>qui</em></span> <span class='ocrx_word' id='word_1_206' title='bbox 390 2137 604 2216; x_wconf 77' lang='lat' dir='ltr'><em>triumphantes</em></span> <span class='ocrx_word' id='word_1_207' title='bbox 631 2138 730 2201; x_wconf 86' lang='lat' dir='ltr'><em>urbem</em></span> <span class='ocrx_word' id='word_1_208' title='bbox 756 2139 833 2201; x_wconf 88' lang='lat' dir='ltr'><em>inire</em></span> <span class='ocrx_word' id='word_1_209' title='bbox 861 2140 1013 2219; x_wconf 78' lang='lat' dir='ltr'><em>probibet.</em></span> <span class='ocrx_word' id='word_1_210' title='bbox 1043 2140 1181 2213; x_wconf 80' lang='lat' dir='ltr'><em>Erratis,</em></span> <span class='ocrx_word' id='word_1_211' title='bbox 1202 2140 1318 2214; x_wconf 88' lang='lat' dir='ltr'><em>milites,</em></span> <span class='ocrx_word' id='word_1_212' title='bbox 1346 2142 1375 2202; x_wconf 88' lang='lat' dir='ltr'><em>si</em></span> 
     </span>
     <span class='ocr_line' id='line_1_25' title="bbox 318 2223 1449 2307; baseline 0.005 -26"><span class='ocrx_word' id='word_1_213' title='bbox 318 2223 496 2301; x_wconf 75' lang='lat' dir='ltr'><em>triumphum</em></span> <span class='ocrx_word' id='word_1_214' title='bbox 516 2224 707 2303; x_wconf 83' lang='lat' dir='ltr'><em>imperatoris</em></span> <span class='ocrx_word' id='word_1_215' title='bbox 721 2233 846 2298; x_wconf 82' lang='lat' dir='ltr'><em>tautum,</em></span> <span class='ocrx_word' id='word_1_216' title='bbox 864 2233 892 2285; x_wconf 92' lang='lat' dir='ltr'><em>et</em></span> <span class='ocrx_word' id='word_1_217' title='bbox 905 2246 964 2285; x_wconf 90' lang='lat' dir='ltr'><em>uon</em></span> <span class='ocrx_word' id='word_1_218' title='bbox 978 2225 1106 2287; x_wconf 87' lang='lat' dir='ltr'><em>militurn</em></span> <span class='ocrx_word' id='word_1_219' title='bbox 1126 2246 1240 2307; x_wconf 88' lang='lat' dir='ltr'><em>quoque</em></span> <span class='ocrx_word' id='word_1_220' title='bbox 1259 2234 1289 2286; x_wconf 90' lang='lat' dir='ltr'><em>et</em></span> <span class='ocrx_word' id='word_1_221' title='bbox 1306 2226 1373 2287; x_wconf 88' lang='lat' dir='ltr'><em>uni·</em></span> <span class='ocrx_word' id='word_1_222' title='bbox 1445 2272 1449 2287; x_wconf 87' lang='lat'><em>.</em></span> 
     </span>
     <span class='ocr_line' id='line_1_26' title="bbox 317 2306 1373 2388; baseline 0.003 -19"><span class='ocrx_word' id='word_1_223' title='bbox 317 2308 398 2369; x_wconf 84' lang='lat' dir='ltr'><em>versi</em></span> <span class='ocrx_word' id='word_1_224' title='bbox 413 2306 522 2388; x_wconf 86' lang='lat' dir='ltr'><em>populi</em></span> <span class='ocrx_word' id='word_1_225' title='bbox 547 2308 686 2383; x_wconf 75' lang='lat' dir='ltr'><em>Romarm,</em></span> <span class='ocrx_word' id='word_1_226' title='bbox 711 2330 772 2371; x_wconf 88' lang='lat' dir='ltr'><em>esse</em></span> <span class='ocrx_word' id='word_1_227' title='bbox 794 2310 880 2370; x_wconf 80' lang='lat' dir='ltr'><em>decies</em></span> <span class='ocrx_word' id='word_1_228' title='bbox 902 2310 1034 2371; x_wconf 88' lang='lat' dir='ltr'><em>censetis.</em></span> <span class='ocrx_word' id='word_1_229' title='bbox 1077 2310 1101 2339; x_wconf 83' lang='lat'><em>⁸³</em></span> <span class='ocrx_word' id='word_1_230' title='bbox 1115 2309 1188 2370; x_wconf 90' lang='lat' dir='ltr'><em>Non</em></span> <span class='ocrx_word' id='word_1_231' title='bbox 1209 2309 1297 2371; x_wconf 75' lang='lat' dir='ltr'><em>unicis</em></span> <span class='ocrx_word' id='word_1_232' title='bbox 1320 2310 1373 2372; x_wconf 82' lang='lat' dir='ltr'><em>boc</em></span> 
     </span>
     <span class='ocr_line' id='line_1_27' title="bbox 316 2392 1371 2476; baseline 0.001 -21"><span class='ocrx_word' id='word_1_233' title='bbox 316 2393 437 2455; x_wconf 85' lang='lat' dir='ltr'><em>Paulli.</em></span> <span class='ocrx_word' id='word_1_234' title='bbox 459 2392 558 2470; x_wconf 84' lang='lat' dir='ltr'><em>Multi</em></span> <span class='ocrx_word' id='word_1_235' title='bbox 567 2394 665 2466; x_wconf 84' lang='lat' dir='ltr'><em>etiam,</em></span> <span class='ocrx_word' id='word_1_236' title='bbox 678 2394 729 2474; x_wconf 89' lang='lat' dir='ltr'><em>qui</em></span> <span class='ocrx_word' id='word_1_237' title='bbox 740 2394 778 2455; x_wconf 89' lang='lat' dir='ltr'><em>ab</em></span> <span class='ocrx_word' id='word_1_238' title='bbox 788 2404 891 2456; x_wconf 75' lang='lat' dir='ltr'><em>screatu</em></span> <span class='ocrx_word' id='word_1_239' title='bbox 901 2415 959 2455; x_wconf 89' lang='lat' dir='ltr'><em>noa</em></span> <span class='ocrx_word' id='word_1_240' title='bbox 970 2396 1169 2475; x_wconf 86' lang='lat' dir='ltr'><em>impetrarunt</em></span> <span class='ocrx_word' id='word_1_241' title='bbox 1179 2395 1371 2476; x_wconf 79' lang='lat' dir='ltr'><em>triumphum,</em></span> 
     </span>
     <span class='ocr_line' id='line_1_28' title="bbox 316 2476 1374 2560; baseline 0.002 -22"><span class='ocrx_word' id='word_1_242' title='bbox 316 2476 349 2539; x_wconf 86' lang='lat' dir='ltr'><em>iu</em></span> <span class='ocrx_word' id='word_1_243' title='bbox 359 2487 454 2540; x_wconf 89' lang='lat' dir='ltr'><em>moute</em></span> <span class='ocrx_word' id='word_1_244' title='bbox 465 2478 584 2540; x_wconf 85' lang='lat' dir='ltr'><em>Albano</em></span> <span class='ocrx_word' id='word_1_245' title='bbox 597 2480 829 2558; x_wconf 82' lang='lat' dir='ltr'><em>triumpharunt.</em></span> <span class='ocrx_word' id='word_1_246' title='bbox 873 2479 968 2541; x_wconf 86' lang='lat' dir='ltr'><em>Nemo</em></span> <span class='ocrx_word' id='word_1_247' title='bbox 978 2479 1015 2540; x_wconf 82' lang='lat' dir='ltr'>L</span> <span class='ocrx_word' id='word_1_248' title='bbox 1028 2482 1142 2543; x_wconf 82' lang='lat' dir='ltr'><em>Paullo</em></span> <span class='ocrx_word' id='word_1_249' title='bbox 1151 2480 1248 2560; x_wconf 85' lang='lat' dir='ltr'><em>magis</em></span> <span class='ocrx_word' id='word_1_250' title='bbox 1258 2482 1374 2560; x_wconf 86' lang='lat' dir='ltr'><em>eripere</em></span> 
     </span>
     <span class='ocr_line' id='line_1_29' title="bbox 318 2562 1374 2645; baseline 0.004 -23"><span class='ocrx_word' id='word_1_251' title='bbox 318 2562 405 2624; x_wconf 84' lang='lat' dir='ltr'><em>decrcs</em></span> <span class='ocrx_word' id='word_1_252' title='bbox 419 2562 552 2643; x_wconf 75' lang='lat' dir='ltr'><em>perfecti</em></span> <span class='ocrx_word' id='word_1_253' title='bbox 565 2563 637 2624; x_wconf 86' lang='lat' dir='ltr'><em>belli</em></span> <span class='ocrx_word' id='word_1_254' title='bbox 651 2563 844 2625; x_wconf 85' lang='lat' dir='ltr'><em>Macedonici</em></span> <span class='ocrx_word' id='word_1_255' title='bbox 851 2572 960 2644; x_wconf 83' lang='lat' dir='ltr'><em>potest,</em></span> <span class='ocrx_word' id='word_1_256' title='bbox 976 2585 1063 2645; x_wconf 89' lang='lat' dir='ltr'><em>quam</em></span> <span class='ocrx_word' id='word_1_257' title='bbox 1081 2566 1114 2628; x_wconf 90' lang='lat' dir='ltr'><em>C.</em></span> <span class='ocrx_word' id='word_1_258' title='bbox 1130 2565 1261 2627; x_wconf 89' lang='lat' dir='ltr'><em>Lutatio</em></span> <span class='ocrx_word' id='word_1_259' title='bbox 1278 2566 1374 2642; x_wconf 83' lang='lat' dir='ltr'><em>primi</em></span> 
     </span>
     <span class='ocr_line' id='line_1_30' title="bbox 317 2645 1411 2730; baseline 0.009 -23"><span class='ocrx_word' id='word_1_260' title='bbox 317 2645 430 2707; x_wconf 88' lang='lat' dir='ltr'><em>Punici</em></span> <span class='ocrx_word' id='word_1_261' title='bbox 444 2645 523 2717; x_wconf 78' lang='lat' dir='ltr'><em>bdlI,</em></span> <span class='ocrx_word' id='word_1_262' title='bbox 540 2667 629 2725; x_wconf 89' lang='lat' dir='ltr'><em>quam</em></span> <span class='ocrx_word' id='word_1_263' title='bbox 647 2647 687 2705; x_wconf 86' lang='lat' dir='ltr'><em>P.</em></span> <span class='ocrx_word' id='word_1_264' title='bbox 712 2648 850 2708; x_wconf 87' lang='lat' dir='ltr'><em>Cornelio</em></span> <span class='ocrx_word' id='word_1_265' title='bbox 864 2649 993 2723; x_wconf 83' lang='lat' dir='ltr'><em>secundi,</em></span> <span class='ocrx_word' id='word_1_266' title='bbox 1011 2651 1126 2730; x_wconf 77' lang='lat' dir='ltr'><em>“quam</em></span> <span class='ocrx_word' id='word_1_267' title='bbox 1143 2650 1215 2725; x_wconf 83' lang='lat' dir='ltr'><em>illis,</em></span> <span class='ocrx_word' id='word_1_268' title='bbox 1234 2651 1289 2730; x_wconf 89' lang='lat' dir='ltr'><em>qui</em></span> <span class='ocrx_word' id='word_1_269' title='bbox 1305 2658 1374 2728; x_wconf 86' lang='lat' dir='ltr'><em>post</em></span> <span class='ocrx_word' id='word_1_270' title='bbox 1401 2691 1411 2718; x_wconf 64' lang='grc' dir='ltr'>ι</span> 
     </span>
     <span class='ocr_line' id='line_1_31' title="bbox 319 2726 1374 2814; baseline 0.007 -27"><span class='ocrx_word' id='word_1_271' title='bbox 319 2746 368 2787; x_wconf 93' lang='lat' dir='ltr'><em>eos</em></span> <span class='ocrx_word' id='word_1_272' title='bbox 382 2726 666 2804; x_wconf 55' lang='lat' dir='ltr'><em>triumphaverunt&amp;</em></span> <span class='ocrx_word' id='word_1_273' title='bbox 712 2729 776 2791; x_wconf 78' lang='lat' dir='ltr'><em>Nec</em></span> <span class='ocrx_word' id='word_1_274' title='bbox 789 2730 831 2792; x_wconf 91' lang='lat' dir='ltr'><em>L.</em></span> <span class='ocrx_word' id='word_1_275' title='bbox 846 2733 989 2794; x_wconf 85' lang='lat' dir='ltr'><em>Paullum</em></span> <span class='ocrx_word' id='word_1_276' title='bbox 1008 2735 1148 2795; x_wconf 87' lang='lat' dir='ltr'><em>minorem</em></span> <span class='ocrx_word' id='word_1_277' title='bbox 1165 2743 1218 2796; x_wconf 91' lang='lat' dir='ltr'><em>aut</em></span> <span class='ocrx_word' id='word_1_278' title='bbox 1232 2731 1374 2814; x_wconf 80' lang='lat' dir='ltr'><em>majorem</em></span> 
     </span>
    </p>
   </div>
   <div class='ocr_carea' id='block_1_3' title="bbox 313 2809 1442 3318">
    <p class='ocr_par' dir='ltr' id='par_1_5' title="bbox 313 2809 1442 3318">
     <span class='ocr_line' id='line_1_32' title="bbox 320 2809 1416 2899; baseline 0.01 -30"><span class='ocrx_word' id='word_1_279' title='bbox 320 2809 530 2888; x_wconf 79' lang='lat' dir='ltr'><em>inperatorem</em></span> <span class='ocrx_word' id='word_1_280' title='bbox 546 2812 710 2891; x_wconf 75' lang='lat' dir='ltr'><em>triumphus</em></span> <span class='ocrx_word' id='word_1_281' title='bbox 712 2812 828 2894; x_wconf 84' lang='lat' dir='ltr'><em>saciet.</em></span> <span class='ocrx_word' id='word_1_282' title='bbox 862 2818 985 2878; x_wconf 89' lang='lat' dir='ltr'><em>militum</em></span> <span class='ocrx_word' id='word_1_283' title='bbox 1000 2821 1098 2899; x_wconf 84' lang='lat' dir='ltr'><em>magis</em></span> <span class='ocrx_word' id='word_1_284' title='bbox 1113 2820 1144 2881; x_wconf 87' lang='lat' dir='ltr'><em>ia</em></span> <span class='ocrx_word' id='word_1_285' title='bbox 1158 2819 1212 2881; x_wconf 88' lang='lat' dir='ltr'><em>boc</em></span> <span class='ocrx_word' id='word_1_286' title='bbox 1226 2819 1393 2880; x_wconf 64' lang='lat' dir='ltr'><em>universi·</em></span> <span class='ocrx_word' id='word_1_287' title='bbox 1408 2841 1416 2854; x_wconf 87' lang='lat'><strong>·</strong></span> 
     </span>
     <span class='ocr_line' id='line_1_33' title="bbox 320 2893 1376 2984; baseline 0.01 -32"><span class='ocrx_word' id='word_1_288' title='bbox 320 2911 377 2973; x_wconf 90' lang='lat' dir='ltr'><em>que</em></span> <span class='ocrx_word' id='word_1_289' title='bbox 387 2894 492 2972; x_wconf 89' lang='lat' dir='ltr'><em>populi</em></span> <span class='ocrx_word' id='word_1_290' title='bbox 503 2893 634 2955; x_wconf 84' lang='lat' dir='ltr'><em>Romani</em></span> <span class='ocrx_word' id='word_1_291' title='bbox 633 2893 725 2973; x_wconf 81' lang='lat' dir='ltr'><em>fama</em></span> <span class='ocrx_word' id='word_1_292' title='bbox 735 2901 852 2979; x_wconf 83' lang='lat' dir='ltr'><em>agitur.</em></span> <span class='ocrx_word' id='word_1_293' title='bbox 861 2903 993 2980; x_wconf 88' lang='lat' dir='ltr'><em>primum</em></span> <span class='ocrx_word' id='word_1_294' title='bbox 1005 2903 1027 2933; x_wconf 77' lang='lat'><em>⁸⁸</em></span> <span class='ocrx_word' id='word_1_295' title='bbox 1038 2924 1072 2963; x_wconf 85' lang='lat' dir='ltr'><em>ue</em></span> <span class='ocrx_word' id='word_1_296' title='bbox 1084 2905 1209 2965; x_wconf 74' lang='lat' dir='ltr'><em>invidie</em></span> <span class='ocrx_word' id='word_1_297' title='bbox 1218 2912 1246 2963; x_wconf 87' lang='lat' dir='ltr'><em>et</em></span> <span class='ocrx_word' id='word_1_298' title='bbox 1258 2904 1376 2984; x_wconf 84' lang='lat' dir='ltr'><em>ingrati</em></span> 
     </span>
     <span class='ocr_line' id='line_1_34' title="bbox 319 2977 1376 3067; baseline 0.01 -30"><span class='ocrx_word' id='word_1_299' title='bbox 319 2977 420 3038; x_wconf 78' lang='lat' dir='ltr'><em>oninci</em></span> <span class='ocrx_word' id='word_1_300' title='bbox 429 2978 572 3040; x_wconf 90' lang='lat' dir='ltr'><em>adversus</em></span> <span class='ocrx_word' id='word_1_301' title='bbox 579 2980 773 3043; x_wconf 85' lang='lat' dir='ltr'><em>clarissimum</em></span> <span class='ocrx_word' id='word_1_302' title='bbox 785 3003 926 3066; x_wconf 86' lang='lat' dir='ltr'><em>quemque</em></span> <span class='ocrx_word' id='word_1_303' title='bbox 936 2987 1025 3048; x_wconf 80' lang='lat' dir='ltr'><em>ciuem</em></span> <span class='ocrx_word' id='word_1_304' title='bbox 1037 2988 1203 3067; x_wconf 88' lang='lat' dir='ltr'><em>opinionem</em></span> <span class='ocrx_word' id='word_1_305' title='bbox 1213 2986 1335 3064; x_wconf 86' lang='lat' dir='ltr'><em>babeat,</em></span> <span class='ocrx_word' id='word_1_306' title='bbox 1346 2996 1376 3048; x_wconf 89' lang='lat' dir='ltr'><em>et</em></span> 
     </span>
     <span class='ocr_line' id='line_1_35' title="bbox 319 3060 1376 3151; baseline 0.009 -29"><span class='ocrx_word' id='word_1_307' title='bbox 319 3060 435 3123; x_wconf 90' lang='lat' dir='ltr'><em>imitari</em></span> <span class='ocrx_word' id='word_1_308' title='bbox 449 3062 482 3123; x_wconf 87' lang='lat' dir='ltr'><em>in</em></span> <span class='ocrx_word' id='word_1_309' title='bbox 498 3063 550 3123; x_wconf 78' lang='lat' dir='ltr'><em>ltoc</em></span> <span class='ocrx_word' id='word_1_310' title='bbox 558 3066 703 3144; x_wconf 88' lang='lat' dir='ltr'><em>populum</em></span> <span class='ocrx_word' id='word_1_311' title='bbox 714 3066 933 3144; x_wconf 78' lang='lat' dir='ltr'><em>Atheniensem,</em></span> <span class='ocrx_word' id='word_1_312' title='bbox 945 3071 1123 3132; x_wconf 84' lang='lat' dir='ltr'><em>lacerantem</em></span> <span class='ocrx_word' id='word_1_313' title='bbox 1136 3072 1251 3134; x_wconf 85' lang='lat' dir='ltr'><em>invidia</em></span> <span class='ocrx_word' id='word_1_314' title='bbox 1258 3072 1376 3151; x_wconf 84' lang='lat' dir='ltr'><em>priuci-</em></span> 
     </span>
     <span class='ocr_line' id='line_1_36' title="bbox 313 3146 1379 3237; baseline 0.01 -31"><span class='ocrx_word' id='word_1_315' title='bbox 313 3165 371 3227; x_wconf 83' lang='lat' dir='ltr'><em>pes</em></span> <span class='ocrx_word' id='word_1_316' title='bbox 381 3167 456 3221; x_wconf 90' lang='lat' dir='ltr'><em>suos,</em></span> <span class='ocrx_word' id='word_1_317' title='bbox 468 3146 612 3208; x_wconf 84' lang='lat' dir='ltr'><em>videatur.</em></span> <span class='ocrx_word' id='word_1_318' title='bbox 636 3149 716 3210; x_wconf 86' lang='lat' dir='ltr'><em>Satis</em></span> <span class='ocrx_word' id='word_1_319' title='bbox 720 3162 876 3229; x_wconf 86' lang='lat' dir='ltr'><em>peccatum</em></span> <span class='ocrx_word' id='word_1_320' title='bbox 887 3154 916 3213; x_wconf 87' lang='lat' dir='ltr'><em>in</em></span> <span class='ocrx_word' id='word_1_321' title='bbox 931 3156 1059 3216; x_wconf 80' lang='lat' dir='ltr'><em>Camillo</em></span> <span class='ocrx_word' id='word_1_322' title='bbox 1070 3178 1090 3216; x_wconf 91' lang='lat' dir='ltr'><em>a</em></span> <span class='ocrx_word' id='word_1_323' title='bbox 1101 3155 1261 3237; x_wconf 80' lang='lat' dir='ltr'><em>mcq&#39;oribus</em></span> <span class='ocrx_word' id='word_1_324' title='bbox 1271 3157 1379 3217; x_wconf 83' lang='lat' dir='ltr'><em>cestris</em></span> 
     </span>
     <span class='ocr_line' id='line_1_37' title="bbox 320 3239 1442 3318; baseline 0.012 -28"><span class='ocrx_word' id='word_1_325' title='bbox 320 3240 372 3304; x_wconf 90' lang='lat' dir='ltr'><em>est,</em></span> <span class='ocrx_word' id='word_1_326' title='bbox 389 3252 472 3311; x_wconf 83' lang='lat' dir='ltr'><em>quem</em></span> <span class='ocrx_word' id='word_1_327' title='bbox 488 3241 585 3292; x_wconf 89' lang='lat' dir='ltr'><em>tamen</em></span> <span class='ocrx_word' id='word_1_328' title='bbox 599 3242 669 3293; x_wconf 90' lang='lat' dir='ltr'><em>ante</em></span> <span class='ocrx_word' id='word_1_329' title='bbox 689 3246 836 3316; x_wconf 86' lang='lat' dir='ltr'><em>receptam</em></span> <span class='ocrx_word' id='word_1_330' title='bbox 851 3259 910 3318; x_wconf 89' lang='lat' dir='ltr'><em>per</em></span> <span class='ocrx_word' id='word_1_331' title='bbox 928 3260 990 3300; x_wconf 88' lang='lat' dir='ltr'><em>eum</em></span> <span class='ocrx_word' id='word_1_332' title='bbox 1007 3260 1026 3301; x_wconf 89' lang='lat' dir='ltr'><em>a</em></span> <span class='ocrx_word' id='word_1_333' title='bbox 1044 3239 1148 3303; x_wconf 87' lang='lat' dir='ltr'><em>Gallis</em></span> <span class='ocrx_word' id='word_1_334' title='bbox 1161 3240 1261 3302; x_wconf 86' lang='lat' dir='ltr'><em>urbem</em></span> <span class='ocrx_word' id='word_1_335' title='bbox 1280 3241 1377 3302; x_wconf 82' lang='lat' dir='ltr'><em>uiola·</em></span> <span class='ocrx_word' id='word_1_336' title='bbox 1431 3267 1442 3286; x_wconf 91' lang='lat'><strong>·</strong></span> 
     </span>
    </p>
   </div>
   <div class='ocr_carea' id='block_1_4' title="bbox 367 3397 1328 3472">
    <p class='ocr_par' dir='ltr' id='par_1_6' title="bbox 367 3397 1328 3472">
     <span class='ocr_line' id='line_1_38' title="bbox 367 3397 1328 3472; baseline 0.009 -26"><span class='ocrx_word' id='word_1_337' title='bbox 367 3401 380 3428; x_wconf 58' lang='grc' dir='ltr'><strong>θ</strong></span> <span class='ocrx_word' id='word_1_338' title='bbox 387 3410 455 3455; x_wconf 79' lang='lat' dir='ltr'><em>quam</em></span> <span class='ocrx_word' id='word_1_339' title='bbox 465 3397 554 3462; x_wconf 80' lang='lat' dir='ltr'><em>[decora</em></span> <span class='ocrx_word' id='word_1_340' title='bbox 564 3402 643 3461; x_wconf 77' lang='lat' dir='ltr'><em>cuique</em></span> <span class='ocrx_word' id='word_1_341' title='bbox 652 3403 706 3464; x_wconf 84' lang='lat' dir='ltr'><em>um]</em></span> <span class='ocrx_word' id='word_1_342' title='bbox 717 3405 765 3450; x_wconf 80' lang='lat' dir='ltr'><em>illis</em></span> <span class='ocrx_word' id='word_1_343' title='bbox 774 3407 813 3465; x_wconf 78' lang='lat' dir='ltr'><em>qut</em></span> <span class='ocrx_word' id='word_1_344' title='bbox 823 3404 886 3469; x_wconf 84' lang='lat' dir='ltr'><em>[autc</em></span> <span class='ocrx_word' id='word_1_345' title='bbox 892 3411 971 3466; x_wconf 80' lang='lat' dir='ltr'><em>pactae</em></span> <span class='ocrx_word' id='word_1_346' title='bbox 981 3410 1027 3472; x_wconf 85' lang='lat' dir='ltr'><em>cos]</em></span> <span class='ocrx_word' id='word_1_347' title='bbox 1039 3410 1245 3470; x_wconf 61' lang='lat' dir='ltr'><em>triumphaverunt.</em></span> <span class='ocrx_word' id='word_1_348' title='bbox 1259 3410 1328 3455; x_wconf 73' lang='lat' dir='ltr'><em>Cres.</em></span> 
     </span>
    </p>
   </div>
   <div class='ocr_carea' id='block_1_5' title="bbox 318 3554 1417 4249">
    <p class='ocr_par' dir='ltr' id='par_1_7' title="bbox 318 3554 1417 3943">
     <span class='ocr_line' id='line_1_39' title="bbox 351 3554 1417 3630; baseline 0.015 -30"><span class='ocrx_word' id='word_1_349' title='bbox 351 3554 381 3601; x_wconf 80' lang='lat'><em>⁸1</em></span> <span class='ocrx_word' id='word_1_350' title='bbox 398 3556 479 3615; x_wconf 88' lang='lat' dir='ltr'><em>Itaque</em></span> <span class='ocrx_word' id='word_1_351' title='bbox 496 3560 658 3622; x_wconf 77' lang='lat' dir='ltr'><em>amucatorcm]</em></span> <span class='ocrx_word' id='word_1_352' title='bbox 679 3561 726 3608; x_wconf 73' lang='lat' dir='ltr'><em>sae</em></span> <span class='ocrx_word' id='word_1_353' title='bbox 742 3565 832 3624; x_wconf 84' lang='lat' dir='ltr'><em>aliquid</em></span> <span class='ocrx_word' id='word_1_354' title='bbox 864 3577 920 3610; x_wconf 77' lang='lat' dir='ltr'><em>mus</em></span> <span class='ocrx_word' id='word_1_355' title='bbox 929 3565 1010 3623; x_wconf 73' lang='lat' dir='ltr'><em>eliqua</em></span> <span class='ocrx_word' id='word_1_356' title='bbox 1020 3569 1144 3622; x_wconf 71' lang='lat' dir='ltr'><em>exciditne,</em></span> <span class='ocrx_word' id='word_1_357' title='bbox 1153 3575 1177 3614; x_wconf 86' lang='lat' dir='ltr'><em>et</em></span> <span class='ocrx_word' id='word_1_358' title='bbox 1187 3571 1327 3616; x_wconf 62' lang='lat' dir='ltr'><em>maistam</em></span> <span class='ocrx_word' id='word_1_359' title='bbox 1336 3583 1379 3630; x_wconf 80' lang='lat' dir='ltr'><em>ap·</em></span> <span class='ocrx_word' id='word_1_360' title='bbox 1413 3595 1417 3602; x_wconf 92' lang='lat'>·</span> 
     </span>
     <span class='ocr_line' id='line_1_40' title="bbox 319 3619 1326 3690; baseline 0.017 -28"><span class='ocrx_word' id='word_1_361' title='bbox 319 3619 433 3677; x_wconf 82' lang='lat' dir='ltr'><em>estquod</em></span> <span class='ocrx_word' id='word_1_362' title='bbox 451 3620 562 3667; x_wconf 73' lang='lat' dir='ltr'><em>offendat.</em></span> <span class='ocrx_word' id='word_1_363' title='bbox 596 3622 666 3682; x_wconf 70' lang='lat' dir='ltr'><em>Legit</em></span> <span class='ocrx_word' id='word_1_364' title='bbox 681 3625 829 3674; x_wconf 70' lang='lat' dir='ltr'><em>(ir-onomast</em></span> <span class='ocrx_word' id='word_1_365' title='bbox 864 3630 1227 3690; x_wconf 79' lang='lat' dir='ltr'><em>ponendumessepoetnomen</em></span> <span class='ocrx_word' id='word_1_366' title='bbox 1240 3632 1326 3678; x_wconf 75' lang='lat' dir='ltr'><em>Paulli.</em></span> 
     </span>
     <span class='ocr_line' id='line_1_41' title="bbox 319 3681 1378 3754; baseline 0.018 -30"><span class='ocrx_word' id='word_1_367' title='bbox 319 3681 428 3740; x_wconf 80' lang='lat' dir='ltr'><em>ltaqacct</em></span> <span class='ocrx_word' id='word_1_368' title='bbox 442 3686 593 3730; x_wconf 80' lang='lat' dir='ltr'><em>accuratorid</em></span> <span class='ocrx_word' id='word_1_369' title='bbox 609 3691 667 3732; x_wconf 79' lang='lat' dir='ltr'><em>eetrc</em></span> <span class='ocrx_word' id='word_1_370' title='bbox 678 3693 832 3747; x_wconf 60' lang='lat' dir='ltr'><em>potuissem</em></span> <span class='ocrx_word' id='word_1_371' title='bbox 895 3689 928 3735; x_wconf 77' lang='grc'><em>84</em></span> <span class='ocrx_word' id='word_1_372' title='bbox 944 3691 1018 3745; x_wconf 82' lang='lat' dir='ltr'><em>Quam</em></span> <span class='ocrx_word' id='word_1_373' title='bbox 1046 3694 1125 3739; x_wconf 81' lang='lat' dir='ltr'><em>decora</em></span> <span class='ocrx_word' id='word_1_374' title='bbox 1154 3698 1235 3754; x_wconf 78' lang='lat' dir='ltr'><em>cuique</em></span> <span class='ocrx_word' id='word_1_375' title='bbox 1260 3710 1301 3739; x_wconf 81' lang='lat' dir='ltr'><em>rua</em></span> <span class='ocrx_word' id='word_1_376' title='bbox 1331 3697 1378 3745; x_wconf 76' lang='lat' dir='ltr'><em>illis</em></span> 
     </span>
     <span class='ocr_line' id='line_1_42' title="bbox 318 3746 1379 3823; baseline 0.017 -35"><span class='ocrx_word' id='word_1_377' title='bbox 318 3751 483 3821; x_wconf 64' lang='lat' dir='ltr'><em>cumr-taquam</em></span> <span class='ocrx_word' id='word_1_378' title='bbox 507 3746 586 3792; x_wconf 57' lang='lat' dir='ltr'><em>Paua,</em></span> <span class='ocrx_word' id='word_1_379' title='bbox 616 3750 715 3811; x_wconf 73' lang='lat' dir='ltr'><em>desereto</em></span> <span class='ocrx_word' id='word_1_380' title='bbox 734 3753 830 3812; x_wconf 74' lang='lat' dir='ltr'><em>suisset.</em></span> <span class='ocrx_word' id='word_1_381' title='bbox 862 3757 902 3817; x_wconf 80' lang='lat' dir='ltr'><em>qut</em></span> <span class='ocrx_word' id='word_1_382' title='bbox 930 3759 983 3800; x_wconf 77' lang='lat' dir='ltr'><em>oste</em></span> <span class='ocrx_word' id='word_1_383' title='bbox 1004 3763 1083 3815; x_wconf 73' lang='lat' dir='ltr'><em>parem</em></span> <span class='ocrx_word' id='word_1_384' title='bbox 1105 3772 1142 3804; x_wconf 81' lang='lat' dir='ltr'><em>cor</em></span> <span class='ocrx_word' id='word_1_385' title='bbox 1166 3759 1379 3823; x_wconf 76' lang='lat' dir='ltr'><em>triumptmocmt]</em></span> 
     </span>
     <span class='ocr_line' id='line_1_43' title="bbox 321 3806 1380 3880; baseline 0.011 -28"><span class='ocrx_word' id='word_1_386' title='bbox 321 3806 374 3852; x_wconf 82' lang='lat' dir='ltr'><em>Noa</em></span> <span class='ocrx_word' id='word_1_387' title='bbox 396 3809 486 3868; x_wconf 73' lang='lat' dir='ltr'><em>aliquid</em></span> <span class='ocrx_word' id='word_1_388' title='bbox 508 3810 577 3857; x_wconf 78' lang='lat' dir='ltr'><em>LIrio</em></span> <span class='ocrx_word' id='word_1_389' title='bbox 597 3814 692 3872; x_wconf 78' lang='lat' dir='ltr'><em>dIgnIus</em></span> <span class='ocrx_word' id='word_1_390' title='bbox 714 3815 830 3862; x_wconf 57' lang='lat' dir='ltr'><em>deiden-</em></span> <span class='ocrx_word' id='word_1_391' title='bbox 865 3819 1028 3866; x_wconf 82' lang='lat' dir='ltr'><em>Hunclocam</em></span> <span class='ocrx_word' id='word_1_392' title='bbox 1044 3823 1070 3866; x_wconf 86' lang='lat' dir='ltr'><em>In</em></span> <span class='ocrx_word' id='word_1_393' title='bbox 1086 3829 1165 3868; x_wconf 70' lang='lat' dir='ltr'><em>vetem</em></span> <span class='ocrx_word' id='word_1_394' title='bbox 1181 3823 1313 3880; x_wconf 77' lang='lat' dir='ltr'><em>exemplari</em></span> <span class='ocrx_word' id='word_1_395' title='bbox 1325 3837 1380 3871; x_wconf 87' lang='lat' dir='ltr'><em>mu.</em></span> 
     </span>
     <span class='ocr_line' id='line_1_44' title="bbox 320 3882 1379 3943; baseline 0.019 -28"><span class='ocrx_word' id='word_1_396' title='bbox 320 3882 383 3915; x_wconf 81' lang='lat' dir='ltr'><em>mus.</em></span> <span class='ocrx_word' id='word_1_397' title='bbox 864 3885 943 3932; x_wconf 74' lang='lat' dir='ltr'><em>issam,</em></span> <span class='ocrx_word' id='word_1_398' title='bbox 966 3888 1088 3943; x_wconf 82' lang='lat' dir='ltr'><em>utcunque</em></span> <span class='ocrx_word' id='word_1_399' title='bbox 1109 3887 1233 3943; x_wconf 80' lang='lat' dir='ltr'><em>expletum</em></span> <span class='ocrx_word' id='word_1_400' title='bbox 1253 3887 1326 3930; x_wconf 69' lang='lat' dir='ltr'><em>habes</em></span> <span class='ocrx_word' id='word_1_401' title='bbox 1348 3902 1379 3934; x_wconf 84' lang='lat' dir='ltr'><em>ex</em></span> 
     </span>
    </p>

    <p class='ocr_par' dir='ltr' id='par_1_8' title="bbox 320 3933 1380 4071">
     <span class='ocr_line' id='line_1_45' title="bbox 351 3933 1380 4010; baseline 0.013 -31"><span class='ocrx_word' id='word_1_402' title='bbox 351 3934 383 3980; x_wconf 75' lang='lat'><em>82</em></span> <span class='ocrx_word' id='word_1_403' title='bbox 401 3933 464 3988; x_wconf 76' lang='lat' dir='ltr'><em>aare</em></span> <span class='ocrx_word' id='word_1_404' title='bbox 483 3942 554 3984; x_wconf 78' lang='lat' dir='ltr'><em>ctiam</em></span> <span class='ocrx_word' id='word_1_405' title='bbox 575 3938 665 4000; x_wconf 79' lang='lat' dir='ltr'><em>dicitis]</em></span> <span class='ocrx_word' id='word_1_406' title='bbox 688 3940 753 3998; x_wconf 77' lang='lat' dir='ltr'><em>Lege</em></span> <span class='ocrx_word' id='word_1_407' title='bbox 774 3955 830 3987; x_wconf 87' lang='lat' dir='ltr'><em>cum</em></span> <span class='ocrx_word' id='word_1_408' title='bbox 863 3946 977 3990; x_wconf 70' lang='lat' dir='ltr'><em>ammorii</em></span> <span class='ocrx_word' id='word_1_409' title='bbox 988 3946 1038 3992; x_wconf 77' lang='lat' dir='ltr'><em>tere</em></span> <span class='ocrx_word' id='word_1_410' title='bbox 1052 3949 1177 3993; x_wconf 78' lang='lat' dir='ltr'><em>sententies.</em></span> <span class='ocrx_word' id='word_1_411' title='bbox 1212 3948 1291 3992; x_wconf 77' lang='lat' dir='ltr'><em>Vetus</em></span> <span class='ocrx_word' id='word_1_412' title='bbox 1307 3953 1380 4010; x_wconf 76' lang='lat' dir='ltr'><em>scrip.</em></span> 
     </span>
     <span class='ocr_line' id='line_1_46' title="bbox 320 3991 1380 4071; baseline 0.018 -30"><span class='ocrx_word' id='word_1_413' title='bbox 320 3991 426 4051; x_wconf 83' lang='lat' dir='ltr'><em>Mureto,</em></span> <span class='ocrx_word' id='word_1_414' title='bbox 438 4002 494 4058; x_wconf 81' lang='lat' dir='ltr'><em>quid</em></span> <span class='ocrx_word' id='word_1_415' title='bbox 505 4003 573 4048; x_wconf 82' lang='lat' dir='ltr'><em>cutm.</em></span> <span class='ocrx_word' id='word_1_416' title='bbox 863 4015 917 4053; x_wconf 67' lang='lat' dir='ltr'><em>terra</em></span> <span class='ocrx_word' id='word_1_417' title='bbox 929 4009 988 4052; x_wconf 85' lang='lat' dir='ltr'><em>nihil</em></span> <span class='ocrx_word' id='word_1_418' title='bbox 998 4012 1064 4056; x_wconf 81' lang='lat' dir='ltr'><em>atiud</em></span> <span class='ocrx_word' id='word_1_419' title='bbox 1081 4012 1173 4064; x_wconf 75' lang='lat' dir='ltr'><em>habuit,</em></span> <span class='ocrx_word' id='word_1_420' title='bbox 1185 4013 1231 4058; x_wconf 79' lang='lat' dir='ltr'><em>nisi</em></span> <span class='ocrx_word' id='word_1_421' title='bbox 1248 4027 1317 4071; x_wconf 66' lang='lat' dir='ltr'><em>mam</em></span> <span class='ocrx_word' id='word_1_422' title='bbox 1334 4015 1380 4060; x_wconf 77' lang='lat' dir='ltr'><em>acu</em></span> 
     </span>
    </p>

    <p class='ocr_par' dir='ltr' id='par_1_9' title="bbox 321 4060 1379 4249">
     <span class='ocr_line' id='line_1_47' title="bbox 352 4060 1120 4130; baseline 0.02 -25"><span class='ocrx_word' id='word_1_423' title='bbox 352 4060 385 4105; x_wconf 80' lang='lat'><em>83</em></span> <span class='ocrx_word' id='word_1_424' title='bbox 401 4061 458 4108; x_wconf 83' lang='lat' dir='ltr'><em>Nou</em></span> <span class='ocrx_word' id='word_1_425' title='bbox 468 4065 687 4110; x_wconf 79' lang='lat' dir='ltr'><em>uaiucbocPoullt.</em></span> <span class='ocrx_word' id='word_1_426' title='bbox 710 4065 787 4112; x_wconf 79' lang='lat' dir='ltr'><em>Multi</em></span> <span class='ocrx_word' id='word_1_427' title='bbox 800 4072 832 4114; x_wconf 88' lang='lat' dir='ltr'><em>ct·</em></span> <span class='ocrx_word' id='word_1_428' title='bbox 863 4074 902 4130; x_wconf 80' lang='lat' dir='ltr'><em>qui</em></span> <span class='ocrx_word' id='word_1_429' title='bbox 913 4073 1120 4129; x_wconf 68' lang='lat' dir='ltr'><em>triumphaverunt.</em></span> 
     </span>
     <span class='ocr_line' id='line_1_48' title="bbox 321 4122 1379 4205; baseline 0.018 -37"><span class='ocrx_word' id='word_1_430' title='bbox 321 4122 442 4170; x_wconf 75' lang='lat' dir='ltr'><em>tam-‚tn</em></span> <span class='ocrx_word' id='word_1_431' title='bbox 457 4127 630 4172; x_wconf 80' lang='lat' dir='ltr'><em>nrontcAtbauo</em></span> <span class='ocrx_word' id='word_1_432' title='bbox 648 4128 832 4190; x_wconf 75' lang='lat' dir='ltr'><em>triumpharunt]</em></span> <span class='ocrx_word' id='word_1_433' title='bbox 896 4135 927 4179; x_wconf 67' lang='lat'><em>85</em></span> <span class='ocrx_word' id='word_1_434' title='bbox 945 4135 984 4178; x_wconf 85' lang='lat' dir='ltr'><em>Ne</em></span> <span class='ocrx_word' id='word_1_435' title='bbox 1004 4137 1098 4180; x_wconf 77' lang='lat' dir='ltr'><em>Invidia</em></span> <span class='ocrx_word' id='word_1_436' title='bbox 1125 4145 1147 4186; x_wconf 88' lang='lat' dir='ltr'><em>ct</em></span> <span class='ocrx_word' id='word_1_437' title='bbox 1176 4141 1265 4200; x_wconf 78' lang='lat' dir='ltr'><em>ingrati</em></span> <span class='ocrx_word' id='word_1_438' title='bbox 1290 4141 1379 4205; x_wconf 79' lang='lat' dir='ltr'><em>animi]</em></span> 
     </span>
     <span class='ocr_line' id='line_1_49' title="bbox 323 4183 1282 4249; baseline 0.025 -22"><span class='ocrx_word' id='word_1_439' title='bbox 323 4183 383 4230; x_wconf 71' lang='lat' dir='ltr'><em>Haec</em></span> <span class='ocrx_word' id='word_1_440' title='bbox 393 4200 541 4235; x_wconf 74' lang='lat' dir='ltr'><em>mansuesce</em></span> <span class='ocrx_word' id='word_1_441' title='bbox 556 4191 631 4234; x_wconf 77' lang='lat' dir='ltr'><em>eutvis</em></span> <span class='ocrx_word' id='word_1_442' title='bbox 647 4197 719 4249; x_wconf 59' lang='lat' dir='ltr'><em>putet</em></span> <span class='ocrx_word' id='word_1_443' title='bbox 753 4192 833 4238; x_wconf 79' lang='lat' dir='ltr'><em>Credi-</em></span> <span class='ocrx_word' id='word_1_444' title='bbox 865 4195 996 4244; x_wconf 76' lang='lat' dir='ltr'><em>Mattemus</em></span> <span class='ocrx_word' id='word_1_445' title='bbox 1008 4200 1090 4246; x_wconf 71' lang='lat' dir='ltr'><em>mmet.</em></span> <span class='ocrx_word' id='word_1_446' title='bbox 1277 4239 1282 4246; x_wconf 86' lang='lat'><strong>.</strong></span> 
     </span>
    </p>
   </div>
   <div class='ocr_carea' id='block_1_6' title="bbox 0 0 1491 4750">
    <p class='ocr_par' dir='ltr' id='par_1_10' title="bbox 0 0 1491 4750">
     <span class='ocr_line' id='line_1_50' title="bbox 0 0 1491 4750; baseline 0 0"><span class='ocrx_word' id='word_1_447' title='bbox 0 0 1491 4750; x_wconf 95' lang='lat' dir='ltr'><em> </em></span> 
     </span>
    </p>
   </div>
  </div>
 </body>
</html>
