2942 4750
299 201 356 258 1⁴8
695 187 815 251 Tl'rl·
832 187 959 248 len

138 386 167 433 u.
179 385 205 432 c.
218 382 273 430 est
301 384 357 450 spe
371 359 519 446 dejectus,
536 356 729 420 Antenorem
745 365 778 416 et
792 347 975 501 Callippum
990 347 1156 438 praefectos
1170 350 1276 418 classis
1290 373 1364 417 cum
1451 379 1462 398 ι

138 447 275 498 ΗΜ·
300 447 511 536 quadraginta
538 441 649 505 lembis
679 439 825 524 (adjectae
847 461 876 502 a(
913 438 1000 502 hunc
1029 459 1199 503 numerum
1223 442 1299 525 quio
1322 429 1360 502 h*

299 537 412 621 pristes
434 530 537 607 erant)
553 525 721 591 Tenedum
747 525 866 601 mittit3
888 523 1052 588 ”atinde
1074 545 1192 608 sparsae
1214 547 1272 610 per
1296 453 1364 609 ἐξ

300 621 404 685 clades
428 614 545 678 insulas
570 635 674 689 naves,
692 610 916 688 Macedoniam
939 631 1011 673 cum
1028 612 1190 675 frumento
1211 623 1364 696 petentes,

299 716 486 775 tutarentur.
532 698 736 763 Cassandreae
758 697 904 760 deducus
922 718 1016 758 naves
1031 695 1064 758 in
1087 710 1197 780 portus
1212 698 1363 781 primurn,

300 792 355 877 qui
369 788 427 851 sub
444 786 533 849 Atho
547 798 654 848 monte
666 798 751 863 sunt,
763 782 837 846 inde
850 781 1017 846 Tenedum
1033 781 1160 866 placido
1172 784 1247 846 mari
1263 803 1362 866 quum

299 875 500 961 trajecissent,
517 884 635 936 stantes
660 872 692 933 in
714 886 809 954 portu
828 868 970 932 Rhodias
991 885 1117 953 apertas
1138 890 1232 933 nares
1256 867 1365 932 Euda·

299 981 449 1045 mumque
472 957 656 1040 praefectum
688 977 809 1032 earum,
832 954 1039 1031 ⁸‘inviolatas
1069 968 1164 1039 atque
1193 956 1287 1017 etism
1310 954 1366 1016 be-

297 1047 395 1136 nigne
424 1044 598 1125 adpeliatos
624 1043 824 1105 dimiserunt.
871 1040 1011 1122 Cognito
1033 1040 1156 1114 deinde,
1179 1040 1244 1102 “in
1266 1039 1364 1103 latere
1461 1031 1462 1046 ¹

299 1133 400 1198 altero
452 1131 660 1215 uinqunginta
691 1126 851 1190 onerarias
883 1147 1022 1201 suarum,
1046 1126 1201 1189 stantibus
1224 1125 1256 1187 in
1280 1126 1364 1189 ostio
1457 1145 1462 1208 η

298 1231 411 1306 portus
430 1155 592 1280 (humenis
615 1213 766 1289 rostratis,
783 1211 897 1297 quibus
912 1211 1045 1273 Damius
1066 1224 1212 1297 praeerat,
1228 1210 1365 1275 inclusas
1461 1251 1462 1256 κ

299 1328 387 1379 esse3
411 1305 430 1336 ⁵⁶
443 1302 660 1366 circumvecti¹
677 1320 821 1384 propere,
845 1319 883 1360 ac
907 1296 1061 1360 submotis
1083 1312 1203 1361 terrore
1224 1296 1365 1360 hostiurn

298 1390 441 1467 naribus,
458 1389 628 1463 onerarias,
644 1386 738 1462 datis,
755 1384 808 1467 qui
823 1397 1099 1468 prosequerentur,
1116 1382 1226 1446 decem
1240 1381 1365 1462 lembis,

298 1483 331 1545 in
348 1476 571 1542 Macedoniam
595 1473 741 1536 mittunt:
765 1472 810 1534 ita
829 1469 942 1532 ut“in
965 1480 1069 1531 tutum
1094 1468 1255 1552 prosecuti
1279 1467 1364 1532 redi·

299 1581 369 1628 rent
385 1563 563 1627 Tenedum.
609 1555 860 1640 Nonopostdie
881 1555 920 1617 ad
942 1553 1215 1638 ciassem‚jamad
1232 1554 1362 1701 Siqeum
1461 1547 1462 1552 ’

298 1663 444 1725 stantem,
458 1647 630 1710 redierunt.
654 1643 734 1708 lndc
749 1641 870 1708 Subota
885 1640 1002 1722 (insuia
1012 1654 1058 1704 est
1069 1640 1232 1725 interjecta
1242 1640 1272 1702 E
1284 1655 1364 1703 ω

299 1748 331 1800 et
347 1733 449 1814 Atho)
465 1734 636 1818 trajiciunt.
681 1731 776 1793 Forte
790 1739 916 1814 postero
932 1725 994 1807 die,
1008 1745 1103 1811 qnam
1121 1728 1242 1789 Subota
1256 1724 1366 1789 classis
1461 1725 1462 1734 ’

299 1821 411 1896 tenuit,
428 1820 568 1908 quinque
590 1831 621 1880 et
642 1815 775 1903 triginta
796 1836 903 1891 naves,
941 1834 996 1875 uas
1018 1812 1215 1899 hippagogos
1236 1826 1363 1890 vocant,

299 1906 340 1970 ab
363 1906 453 1969 Eiaea
473 1904 624 1988 profectae
645 1923 718 1964 cum
742 1900 899 1985 equitibus
955 1899 1024 1962 aliis
1047 1902 1209 1983 equisque,
1237 1896 1363 1961 Phanas

298 1992 555 2074 promontorium
587 1988 740 2050 Chiorum
777 1986 938 2070 petebant,
966 1984 1053 2048 unde
1086 1984 1299 2048 transmittere
1329 1984 1363 2046 in
1440 1997 1442 2000 ’

299 2075 523 2140 Macedoniam
553 2085 690 2158 possent.
747 2072 857 2135 Attalo
890 2074 928 2134 ab
969 2070 1110 2134 Eumene
1144 2069 1363 2133 mittebantur.

300 2161 372 2225 Has
387 2183 483 2225 neves
497 2182 556 2245 per
571 2160 670 2224 altum
685 2157 759 2221 ferri
783 2179 880 2242 quum
904 2178 945 2220 ex
967 2156 1094 2240 specula
1108 2157 1234 2240 signum
1250 2155 1363 2220 datum

299 2247 458 2311 Antenori
480 2262 568 2323 esset,
585 2244 744 2331 profectus
765 2265 785 2307 a
801 2243 940 2319 Subotis,
957 2243 1039 2307 inter
1054 2243 1266 2328 Erythrarum
1287 2259 1364 2326 pro-
1434 2271 1458 2326 q·

296 2335 491 2399 montorium
519 2334 711 2418 Chiumque,
734 2352 798 2416 qua
817 2329 1008 2394 artissimum
1028 2328 1142 2393 fretum
1164 2339 1221 2406 est,
1245 2328 1283 2392 iis
1306 2328 1363 2394 ob-

297 2422 407 2486 currit.
453 2419 542 2485 Nihii
565 2421 671 2483 minus
692 2417 821 2481 credere
836 2415 978 2501 praefecti
998 2415 1159 2492 Eumenis,
1176 2436 1271 2500 quam
1288 2416 1361 2479 Ma-

297 2508 454 2571 cedonum
476 2506 605 2569 classem
629 2506 661 2566 in
685 2505 741 2567 iiio
762 2504 871 2589 vagari
886 2502 983 2565 mari:
1006 2522 1092 2565 nunc
1109 2502 1270 2566 Romanos
1285 2523 1361 2579 esse,

297 2613 384 2654 nunc
407 2591 563 2664 Attalum,
587 2604 642 2651 aut
663 2591 812 2651 remissos
834 2587 956 2669 aliquos
978 2587 1018 2650 ab
1042 2587 1152 2652 Attalo
1183 2609 1225 2650 ex
1254 2590 1363 2652 castris

300 2676 454 2738 Romanis
484 2675 672 2754 Pergamum
702 2684 820 2754 petere.
876 2671 938 2734 Sed
961 2692 1059 2757 quum
1089 2676 1156 2759 jam
1188 2673 1362 2758 adpropin—
1400 2682 1412 2706 ⁸

298 2758 463 2844 quantium
479 2757 582 2818 forma
596 2754 775 2817 lemborum
801 2754 886 2818 haud
912 2755 1008 2820 dubia
1030 2773 1121 2840 esset,
1136 2772 1168 2822 et
1192 2759 1363 2823 concitatio

297 2864 471 2919 remorum,
494 2840 686 2925 directaeque
708 2840 742 2901 in
763 2863 796 2903 se
818 2862 933 2924 prorae,
949 2845 970 2879 ⁸⁷
981 2841 1086 2909 hostes
1108 2844 1364 2930 adpropinquare

298 2928 508 3014 aperuissent;
542 2939 631 2989 tnnc.
652 2926 767 3010 injecta
795 2925 961 3011 trepidatio
990 2944 1047 3010 est,
1070 2953 1168 3015 quum
1199 2931 1365 2995 resistendi

298 3038 369 3101 spes
390 3014 479 3079 nulia
499 3024 587 3089 esset,
612 3010 807 3095 inhabilique
828 3013 955 3076 navium
980 3038 1105 3101 genere,
1129 3032 1161 3080 et
1184 3015 1285 3080 Gallis
1306 3018 1364 3081 vix

298 3103 435 3188 quietem
457 3099 628 3163 ferentibus
657 3099 689 3160 in
718 3098 809 3160 mari.
867 3098 944 3163 Pars
973 3123 1095 3178 eorum,
1120 3102 1174 3186 qui
1196 3103 1364 3185 propiores

297 3186 503 3251 “continenti
520 3184 605 3248 litori
618 3197 718 3259 erant,
729 3183 762 3246 in
774 3182 996 3269 Erythraeam¹
1011 3201 1163 3252 errarunt:
1187 3209 1269 3271 pars,
1284 3188 1364 3252 velis

297 3272 386 3349 datis,
403 3272 443 3335 ad
460 3272 578 3336 Chium
599 3291 693 3333 nares
712 3271 841 3354 ejecere,
859 3270 1035 3359 relictisque
1053 3274 1152 3358 equis,
1169 3272 1265 3336 effusa
1287 3272 1427 3379 fugat-k*
1449 3279 1459 3300 ·

305 3428 308 3435 ·
377 3413 554 3460 tcirrmnoectir
564 3411 633 3458 Crev-
705 3410 793 3457 uElea
804 3412 878 3457 Gran.
952 3412 1119 3473 ¹Erythreom
1127 3415 1199 3460 Gran.
1212 3412 1280 3460 Cret·
1414 3364 1461 3421 Ν

330 3541 361 3589 62
381 3540 478 3590 Utindc
492 3538 589 3602 rpurroe]
607 3538 711 3586 Videtur
727 3540 815 3587 melius
845 3552 874 3583 ac
889 3541 1008 3585 armantis
1019 3543 1105 3589 terrore
1123 3543 1184 3602 ipso,
1201 3554 1275 3601 quem
1292 3545 1367 3590 adve-

296 3608 408 3654 futurum
418 3606 501 3665 sparci,
520 3611 548 3650 ut
565 3605 683 3650 referatur
702 3604 734 3649 ad
753 3617 814 3662 proe·
846 3602 939 3648 utentes
951 3600 1095 3665 injecerunt,
1106 3606 1206 3652 hortium
1216 3607 1320 3652 number.

296 3668 813 3729 toemduoemquepotiusquamadpris·
844 3666 910 3775 (law
923 3668 958 3777 sliu
977 3665 1065 3732 tatum]
1080 3670 1240 3719 Olimtotsmr.
1272 3670 1366 3720 Emen-

296 3742 340 3784 ιη.
877 3731 912 3776 rit
948 3734 1043 3792 gonius.
1319 3744 1323 3749 ’

328 3799 363 3847 58
382 3798 519 3852 Inviolatos,
538 3802 606 3858 utque
626 3798 696 3843 ctiam
717 3795 813 3856 mim
876 3794 908 3841 tt
932 3795 1018 3843 Horten
1047 3800 1229 3858 appropinquare
1258 3801 1367 3858 aperui&

187 3914 191 3927 ¹
285 3862 435 3925 appellator]
473 3862 537 3923 Lege
568 3860 697 3914 inviolator,
724 3872 813 3919 nempe
844 3858 905 3921 aar]
923 3857 1066 3922 Conjectura
1082 3861 1197 3907 Tur-nebi.
1239 3861 1312 3908 Prius
1329 3865 1368 3910 lo-

297 3929 437 3976 Eudamum
467 3934 606 3985 ceterosque
638 3923 745 3970 Rhodios
771 3923 814 3983 qui
845 3923 947 3982 gebatur
956 3928 1105 3985 apparuisset.
1138 3925 1209 3979 Quod
1223 3927 1244 3972 si
1258 3928 1369 3986 quisue-

285 3993 402 4038 enntin
414 3992 525 4037 mentitus.
846 3988 922 4032 tinere
944 3990 1011 4043 velit,
1031 3992 1094 4051 legat
1112 3992 1135 4035 et
1155 3991 1305 4036 musitatione
1325 4004 1367 4039 ro·

327 4054 360 4100 st
375 4056 489 4101 Intrare
501 4050 586 4112 altero]
605 4051 695 4097 tuente
711 4048 812 4095 Tenedi.
845 4063 944 4105 morum,
961 4051 1096 4114 directaque
1111 4055 1137 4098 ta
1153 4066 1178 4099 re
1192 4053 1368 4114 procubantes

285 4140 288 4145 ⁴
327 4118 360 4163 56
377 4110 554 4178 mmmmm]
567 4115 631 4161 Aliae
642 4113 812 4160 ditionoeha·
844 4117 1184 4178 appmpssqmreappmuaea
1350 4118 1357 4125 ”

296 4179 355 4223 bont
372 4181 544 4232 circumuectos,
567 4180 622 4225 elie
643 4179 810 4224 marcome-
876 4176 908 4224 ⁵8
926 4178 1058 4226 Continenti
1073 4179 1160 4242 littori]
1173 4181 1212 4227 sic
1225 4181 1364 4233 floream:

297 4239 344 4285 Sed
359 4242 517 4300 erumpant
536 4243 666 4302 legendum
681 4253 747 4287 osse:
765 4241 811 4287 etr·
843 4240 1250 4308 Pammaptaonmenortpa.

293 4302 406 4349 uomet
422 4304 531 4361 preteeti
541 4307 624 4353 dussis
636 4304 809 4361 Macedonicae,
935 4316 942 4325 ·
983 4319 988 4327 ·
