2942 4750
279 249 320 303 ao
655 239 770 315 r1p1
801 238 942 300 n1v11

116 422 252 473 uuam.
280 426 363 471 aare.
392 404 437 470 ita
464 404 547 468 inter
570 412 720 486 utrosque
749 404 901 486 optimam
927 398 1142 464 conditionem
1168 398 1343 465 civitatium

116 488 254 537 multl-
277 489 363 568 iore3
387 500 572 577 protegente
594 486 695 550 altero
716 509 840 570 semper
861 489 990 570 inopem
1012 486 1053 549 ab
1075 485 1203 548 alterius
1219 485 1347 570 injuria.

280 576 367 642 Hoec
384 576 561 649 sentientes,
578 573 749 641 conamina
771 573 929 637 fautorum
952 571 1236 656 utriusquepartis
1258 571 1348 633 taciti

279 685 320 728 ex
336 674 405 726 tato
419 657 612 743 spectabant
656 661 678 692 ⁹⁸
690 659 854 734 Consules,
873 679 938 742 quo
951 657 1004 722 die
1024 658 1244 742 nsagistrstum
1267 656 1348 719 inie-

279 759 365 822 runt,
381 765 424 808 ex
438 743 710 808 senatusconsulto
732 766 830 830 quum
846 744 931 807 circs
953 744 1064 806 omnia
1083 742 1167 818 fano,
1184 743 1216 804 in
1233 742 1347 825 quibus

280 828 505 897 lectisternium
535 831 686 915 majorem
713 842 836 914 portem
862 828 937 892 anni
966 850 1033 891 esse
1055 830 1144 904 solet,
1175 827 1347 911 majoribus

279 915 391 981 hostiis
413 913 628 991 inmolussent,
648 913 725 979 inde
749 936 858 998 preces
880 936 951 976 suns
972 926 1115 995 acceptas
1138 912 1179 976 ab
1201 913 1276 977 Diis
1296 912 1347 974 in·

279 1001 466 1065 mortalibus
488 1001 631 1079 ominati,
646 1002 778 1077 senatui,
794 1000 856 1063 rite
876 1000 1099 1076 sacrificatum,
1116 999 1347 1081 precationem-

280 1109 342 1171 que
356 1086 398 1150 de
412 1085 494 1150 bello
507 1085 633 1162 factam,
655 1085 893 1149 renunciatum.
937 1085 1107 1168 Aruspices
1121 1083 1164 1147 its
1179 1083 1348 1166 responde-

280 1185 367 1251 runt,
380 1174 410 1236 si
421 1173 494 1255 quid
506 1174 555 1235 rei
568 1192 654 1235 nooae
669 1172 862 1252 inciperetur,
880 1173 913 1233 id
927 1172 1144 1232 maturandam
1159 1190 1228 1232 esse.
1255 1170 1349 1230 uicto-
1395 1230 1407 1248 ,

279 1258 367 1333 riam,
386 1259 582 1340 triumphum,
597 1255 876 1340 ”prorogationem
891 1257 1013 1337 imperii
1029 1257 1181 1335 portendi.
1226 1252 1347 1329 Patres,

281 1346 362 1428 quod
362 1344 508 1427 faustum
510 1343 655 1427 felixque
666 1344 779 1424 populo
801 1341 943 1404 Romarm
964 1350 1051 1416 esset,
1066 1339 1244 1403 centuriatis
1257 1341 1349 1402 aomi-

281 1431 336 1493 tiis
343 1431 448 1512 primo
461 1449 577 1512 quoquc
592 1426 735 1506 elieserre
748 1429 793 1489 ad
800 1428 950 1508 poputum
963 1429 1107 1502 consides,
1118 1426 1288 1509 jusserunt,
1305 1433 1349 1499 ut,

280 1516 364 1599 quod
377 1516 517 1588 Perseus,
530 1513 674 1594 Philippi
675 1513 775 1590 filius,
789 1512 993 1575 Macedonum
1014 1533 1079 1588 rea,
1096 1510 1352 1593 adcerstasoedus

222 1620 226 1626 ’
281 1620 346 1664 oum
355 1609 451 1683 patre
463 1598 612 1678 Piil'mpo
628 1598 729 1672 ictum
746 1608 776 1660 et
790 1619 885 1660 secam
903 1607 975 1679 post
995 1607 1121 1659 mmrtau
1141 1595 1204 1679 ejas
1225 1616 1350 1657 renova·

281 1695 354 1762 tum,
370 1686 459 1749 sociis
471 1684 585 1765 populi
598 1682 735 1744 Romani
748 1704 837 1744 arma
852 1685 1011 1759 intulisset,
1026 1703 1119 1766 agros
1131 1690 1286 1755 vastasset,
1300 1700 1351 1743 ur·

281 1771 389 1855 basque
410 1777 581 1850 occupasset
592 1790 604 1841 ,·
634 1768 770 1849 quodque
791 1767 864 1829 belli
879 1770 1020 1849 parandi
1042 1770 1187 1829 adversus
1202 1767 1350 1846 populum

283 1856 457 1919 Romanum
478 1854 611 1918 consilia
636 1853 744 1913 inisset
752 1865 774 1925 θ,
802 1873 900 1927 arma,
929 1855 1051 1925 milites,
1075 1853 1198 1914 classem
1219 1849 1283 1931 ejus
1303 1851 1352 1913 rei

281 1959 388 2002 caussa
409 1947 611 2021 comparasset
622 1971 633 2008 ,-
656 1945 700 2011 ut,
717 1938 781 1998 uisi
801 1938 838 1998 de
858 1937 897 1999 iis
917 1937 1002 1999 rebus
1022 1933 1227 2013 satisfecisset,
1244 1936 1352 1997 beilum

280 2039 350 2084 eum
363 2044 398 2084 eo
413 2027 557 2088 iniretur.
602 2022 688 2085 Haec
702 2019 827 2102 rogatio
841 2020 883 2082 sd
897 2020 1052 2104 populum
1069 2019 1133 2080 lata
1147 2033 1204 2081 est.
1340 2032 1343 2037 ⁴

325 2106 457 2170 XXXI.
488 2106 804 2169 Senatusconsultum
830 2106 905 2168 inde
930 2106 1046 2167 factum
1069 2116 1125 2178 est,
1155 2104 1197 2165 Ut
1221 2107 1355 2168 consertes

283 2193 366 2255 inter
378 2214 411 2256 se
418 2193 595 2275 prouincias
615 2192 742 2255 Italiam
753 2201 783 2253 et
794 2191 1012 2263 Macedoniam
1025 2196 1243 2270 compararent,
1259 2192 1355 2251 sorti·

281 2287 436 2342 emmane.
461 2278 520 2341 Cot
533 2277 722 2341 Macedonia
738 2276 912 2352 obvenisset,
928 2286 963 2339 ut
978 2277 1004 2339 is
1017 2296 1118 2356 regem
1143 2274 1268 2347 Persea,
1281 2276 1353 2354 qui-

284 2385 341 2449 que
350 2363 414 2448 ejus
427 2373 538 2429 sectam
550 2363 641 2428 setrai
653 2372 757 2439 esseut,
773 2362 833 2425 nisi
841 2364 959 2445 populo
972 2362 1114 2425 Ronrano
1124 2356 1353 2441 satisfecissent,

122 2455 256 2505 &mnu
283 2450 361 2514 bello
369 2447 609 2534 persequeretur.
634 2447 794 2535 Legiones
803 2460 939 2533 quatuor
949 2467 1047 2509 novos
1058 2444 1152 2506 scribi
1161 2442 1291 2527 placuit,
1304 2442 1353 2506 bi·

283 2557 342 2600 nus
356 2536 490 2620 singulis
503 2534 697 2606 consulibus.
743 2530 802 2595 ¹Id
822 2534 985 2614 praecipue
1002 2529 1175 2612 provinciae
1197 2525 1352 2591 Macedo·

284 2620 348 2681 niae
362 2619 487 2695 dutum,
503 2617 599 2701 quod,
615 2636 713 2712 quum
729 2614 858 2677 alterius
873 2614 1055 2678 consulibus
1076 2614 1211 2699 legionis
1232 2613 1353 2697 'quino
1434 2663 1440 2682 .

122 2716 241 2775 Legiones
284 2699 385 2762 millis
398 2712 431 2762 et
441 2700 556 2762 duceni
568 2709 690 2780 equ1tes
702 2718 745 2758 ex
756 2709 860 2759 vetere
871 2699 1017 2760 instituto
1031 2696 1185 2763 darentur
1196 2698 1230 2760 in
1241 2699 1351 2784 singut-

121 2776 262 2889 ffiffi
284 2783 332 2848 lus
342 2782 494 2869 legiones,
506 2782 540 2844 iu
553 2779 779 2844 Macedoniam
790 2802 864 2843 sena
877 2782 976 2845 millis
985 2781 1129 2867 peditum
1142 2783 1236 2848 scribi
1243 2785 1352 2868 jussa3

121 2916 167 2953 τοι
679 2908 691 2935 ⁸
702 2903 791 2951 iniisset
801 2904 875 2950 Gron.
887 2904 956 2951 Cres.

317 3014 349 3064 98
366 3014 531 3064 Carsulas...
548 3011 803 3072 meni...tmmotos·
834 3014 1037 3072 pusextenditur.
1072 3015 1158 3074 ltaque
1174 3017 1215 3063 ille
1228 3018 1353 3064 existimat

284 3084 342 3137 mr,
361 3079 432 3125 lade.
449 3108 457 3122 .
473 3108 481 3124 .
497 3106 505 3122 .
521 3075 630 3139 omimti]
653 3074 804 3121 viderentur
835 3078 874 3123 hic
886 3078 1025 3138 legendam,
1033 3081 1224 3138 propagationum
1234 3079 1336 3140 imperii.

284 3145 338 3190 hec
354 3143 437 3189 omniu
452 3145 545 3186 structa
560 3140 703 3199 elegantius.
720 3146 746 3184 et
761 3151 803 3199 ap·
869 3140 881 3186 1
901 3140 933 3188 Id
949 3143 1067 3201 proerlpae
1083 3172 1090 3185 .
1107 3173 1134 3187 ..
1150 3141 1230 3189 dasm
1266 3143 1354 3192 Malle.

284 3207 335 3252 rtur
353 3206 418 3250 inter
434 3216 460 3249 se
479 3203 634 3256 coherentia,
656 3203 759 3249 sibunc
776 3203 802 3247 ln
835 3205 1056 3265 musidpraaipui.
1079 3205 1208 3255 Sicinitar
1275 3206 1355 3267 iquo-

284 3270 388 3315 modum
408 3268 592 3313 ordinarenmn
622 3266 751 3314 t'mmla.
769 3297 776 3310 .
793 3297 800 3311 .
815 3289 819 3302 ·
834 3282 877 3328 quc
893 3270 1039 3330 precipuum
1062 3269 1143 3314 datum
1163 3272 1220 3315 sorti
1241 3269 1354 3318 Macerio-

284 3329 803 3441 mrirasomalofana...majorlbur
834 3333 886 3376 πίω.
1247 3327 1249 3332 ’
1426 3357 1433 3376 .

390 3394 552 3449 ornament,
576 3395 692 3454 amrpiees
711 3395 745 3438 its
766 3407 803 3440 rc·
867 3394 882 3441 2
912 3394 989 3450 Quina
1007 3394 1084 3440 mitia
1103 3400 1125 3441 et
1149 3395 1229 3444 duceni
1255 3399 1353 3463 spata]

284 3456 432 3519 spaaicmat,
443 3458 464 3503 si
476 3459 535 3517 quid
550 3457 586 3503 rei
602 3457 803 3516 novroincipere-
836 3460 901 3520 Lege
915 3460 967 3504 sine
984 3459 1034 3506 ulls
1049 3459 1199 3507 dubitatione
1214 3475 1272 3508 cum
1289 3461 1357 3509 Peri·

202 3568 204 3571 Α
286 3527 336 3576 bar,
350 3521 377 3567 id
393 3522 566 3568 maturandum
582 3534 649 3568 esser
668 3522 803 3574 victoriam,
836 3525 921 3570 aonio:
944 3523 1015 3582 quim
1032 3522 1107 3568 millia
1123 3529 1146 3569 ct
1162 3523 1242 3570 ducem
1259 3525 1355 3584 padua.

286 3584 449 3643 triumphum,
476 3584 671 3644 prorogationem
698 3587 748 3638 (terr
760 3599 804 3645 po-
837 3588 891 3633 }loe
903 3587 969 3632 enim
983 3591 1035 3631 erat
1052 3592 1121 3633 vetus
1137 3588 1296 3634 institutum
1313 3590 1357 3637 bic·

286 3649 343 3704 tissa
364 3649 571 3707 propagationem)
591 3648 687 3706 imperii
707 3655 804 3708 porten-
836 3653 903 3697 velut
915 3649 1020 3695 solennis
1031 3649 1358 3713 illistemporlbuspeditum

286 3712 320 3759 dt
353 3709 413 3756 Inde
428 3724 508 3770 preca
526 3724 580 3756 ruas
595 3715 697 3771 acceptae
714 3711 742 3756 ab
759 3712 806 3758 riiir
837 3726 953 3761 numems
964 3713 989 3759 in
1004 3713 1105 3774 legione.
1139 3714 1256 3764 vid-not.
1272 3716 1311 3762 60.
1324 3719 1355 3763 ud

286 3772 454 3821 bnmrtaiibur
471 3773 567 3824 minati
586 3775 716 3830 (consules)
737 3788 803 3820 aaa·
833 3777 975 3823 uxta-o
993 3776 1031 3823 lt.
1062 3778 1156 3824 luvicte
1172 3781 1274 3837 probant
1291 3780 1356 3828 hanc

286 3839 323 3885 nn
349 3837 395 3883 rite
419 3837 581 3897 maritantem,
607 3839 804 3898 mentionem
834 3842 1030 3887 emendationem
1047 3855 1077 3887 ea
1092 3856 1148 3903 quae
1165 3849 1302 3904 sequnntur
1323 3846 1355 3892 de

286 3902 314 3949 de
329 3901 384 3949 bello
393 3901 485 3965 saetam
503 3900 675 3972 renunciarem·
707 3898 803 3956 Patres,
835 3905 973 3964 equitibus:
996 3907 1081 3963 equita
1096 3907 1180 3952 trcomi
1196 3907 1314 3966 meratitae
1328 3908 1355 3953 irs

286 3964 466 4028 quodfaurtum,
478 3970 523 4010 ete·
834 3968 940 4028 angerus
957 3967 1057 4027 Quare
1073 3970 1142 4016 scribi
1155 3971 1235 4030 jurei.-
1259 3972 1285 4016 id
1306 3977 1354 4027 est,

319 4029 351 4076 99
375 4028 568 4090 Promgationem
587 4026 693 4091 imperii]
716 4026 804 4073 Proro-
835 4034 866 4077 de
883 4032 993 4091 equitum
1010 4046 1112 4079 numero
1128 4034 1223 4079 nullum
1243 4034 1291 4081 fuit
1306 4035 1357 4081 dis·

282 4095 349 4151 gono
359 4094 452 4155 imperii
468 4105 517 4139 non
533 4091 629 4148 dieitur,
642 4097 670 4136 ut
682 4096 747 4136 recte
762 4093 804 4137 ob·
836 4097 927 4142 cumen
946 4096 1010 4141 inter
1026 4097 1132 4157 legiones
1145 4097 1314 4144 Macedonicas
1330 4105 1356 4144 et

284 4159 365 4201 servit
373 4157 522 4211 Perizonius,
534 4155 663 4201 animadv.
677 4154 769 4200 lilstor.
780 4170 801 4202 c.
834 4171 875 4204 eas
896 4173 952 4220 qua
967 4159 1082 4206 initalia
1098 4174 1196 4206 manere
1215 4163 1352 4208 debebantr

284 4217 367 4290 arripi
383 4233 460 4278 quum
478 4222 509 4266 lis
525 4221 568 4280 qui
582 4232 640 4266 curn
658 4218 802 4277 imperiola
835 4224 960 4282 equaliter
981 4225 1007 4269 in
1034 4236 1119 4270 omnes
1143 4226 1234 4280 neceni
1260 4224 1356 4292 eqrrltea

282 4261 601 4394 &mammonam
620 4283 689 4330 nuo
702 4282 800 4342 impera
831 4287 921 4348 nuspa

345 4355 469 4410 mortu·
483 4347 616 4405 imperlllu
630 4347 727 4412 nopae
737 4353 800 4395 tem·
891 4381 896 4386 .
