2942 4750
247 150 340 229 lxxii
616 139 960 220 PRAEFATIO.

249 373 356 423 mora
369 342 563 441 defetigari
574 342 773 417 noluimus.
817 341 919 426 Quid
930 338 1029 413 enim
1044 336 1212 425 attineat
1227 348 1348 415 21¹1OE
1381 312 1415 355 ι’
1439 428 1441 447 ,

249 465 303 539 illi
320 461 530 546 obtrudere,
548 459 681 556 quibus
693 481 772 531 non
783 466 902 554 egeat,
913 480 1072 552 quaeque
1086 456 1183 530 sdeo
1196 468 1348 553 respuat

251 588 289 651 et
304 583 507 664 aversetur,
529 581 593 644 aut
609 595 695 644 eum
712 570 813 644 cirea
824 569 959 666 longas
970 567 1135 642 detinere
1152 569 1348 643 verborum
1422 636 1426 644 .

196 744 200 753 -
253 691 440 787 ambages,
458 688 497 760 in
512 687 556 759 iis
573 686 683 759 rebus
700 711 795 782 quas
818 682 977 758 breviter
992 682 1151 757 indicari
1167 684 1259 759 satis
1277 683 1347 773 sit3
1391 688 1396 705 '

254 818 318 883 aut
334 829 420 879 vero
436 827 482 876 ea
496 826 636 899 ponere
652 827 736 898 quae
753 824 844 874 mox
858 810 1001 873 evertas
1019 825 1064 873 ac
1081 799 1250 875 refellas?

293 917 416 991 'Velut
432 917 480 987 ab
501 913 591 1011 ipsis
608 912 734 986 statim
750 912 875 1000 initiis,
893 911 956 987 lib.
975 910 1070 984 Livii
1088 911 1120 985 1.
1147 935 1231 1007 cap.
1259 920 1291 984 l.
1307 911 1346 985 in

252 1035 333 1111 baec
351 1031 474 1118 verba,
492 1028 638 1103 Mean
657 1085 665 1101 .
686 1085 694 1101 .
715 1084 723 1101 .
743 1032 783 1102 io
799 1027 971 1101 Siciliam
985 1028 1167 1100 delutum
1192 1027 1239 1101 ab
1255 1025 1350 1102 Sici·
1405 1007 1417 1037 ⁸

253 1150 308 1225 lia
333 1148 444 1221 classe
459 1144 696 1219 ,Laurentem
727 1170 862 1245 αςηιηι
890 1144 1055 1245 tenuisse,
1084 1141 1164 1215 haee
1194 1142 1353 1217 occinuit

254 1261 434 1345 Gronorii
461 1269 572 1332 nota:
613 1258 745 1333 “Sero
766 1261 929 1357 positum
956 1259 1017 1331 liic
1048 1260 1193 1331 videtur
1219 1257 1350 1335 classe.

257 1389 278 1422 “
299 1378 403 1451 Nam
427 1388 463 1450 et
487 1378 527 1448 iu
550 1373 809 1449 Macedoniam
836 1373 957 1447 classe
979 1375 1089 1459 veuit,
1111 1384 1148 1447 et
1169 1372 1291 1448 classe
1312 1375 1352 1447 in

257 1507 279 1537 “
298 1494 469 1567 Siciliam
484 1502 537 1565 eu
552 1492 703 1573 delatus.
744 1489 898 1591 Augeat
913 1491 1150 1588 suspicionem
1168 1491 1356 1588 scriptiis

258 1622 281 1653 “
298 1609 427 1707 quibas
443 1607 698 1703 omnibusne
713 1606 835 1680 classe
846 1604 896 1677 ad
909 1604 1144 1692 Laurentem,
1162 1606 1220 1678 cel
1234 1603 1354 1678 classe

260 1738 282 1767 ‘⁶
301 1750 346 1797 ac
364 1724 600 1798 Laurentem.
659 1719 753 1796 Vide
773 1748 859 1795 num
870 1722 1020 1818 fuerit:
1046 1720 1094 1793 ab
1112 1719 1240 1795 Sicilia
1261 1720 1355 1793 cles

260 1853 284 1886 “
301 1842 382 1915 sem
408 1839 633 1913 Laurentem
660 1862 790 1934 agrum
821 1837 994 1910 tenuisse.
1052 1833 1118 1909 Sic
1143 1836 1207 1910 lib.
1226 1833 1353 1909 XXI.

260 1970 283 2000 “
303 1958 453 2030 Novem
466 1955 751 2052 quinqueremes
769 1952 938 2049 Liparas,
965 1963 1052 2027 octo
1077 1951 1240 2027 insulam
1266 1951 1354 2025 Vul-

260 2084 283 2114 “
301 2070 386 2144 cani
402 2078 609 2141 tenuemnt.
662 2068 752 2142 Lib.
771 2068 957 2144 XXXII.
984 2069 1122 2144 Utrum
1139 2067 1355 2145 Leucadem

262 2188 284 2231 ‘'‘
303 2213 348 2260 sc
378 2184 501 2260 sinum
526 2183 771 2259 Ambracium
797 2184 973 2260 onerariae
998 2184 1214 2259 tenuissent.
1267 2183 1355 2259 Lib.

263 2318 285 2348 “
304 2301 471 2379 XLIV.
523 2300 682 2375 Postero
700 2302 761 2378 die
777 2327 891 2400 quam
906 2302 1050 2399 Sybota
1061 2299 1192 2375 classis
1209 2299 1355 2374 tenuit.”

262 2422 416 2497 Patrem
434 2418 728 2515 deindeexcipit
753 2418 861 2506 filius,
887 2430 925 2492 et
950 2417 1095 2516 prolixa
1119 2417 1356 2516 horribilique

116 2641 120 2646 ἡ
263 2534 525 2635 disputatione,
552 2559 665 2631 quam
698 2534 840 2608 vitandi
874 2534 975 2607 taedii
1002 2559 1118 2609 causa
1149 2534 1357 2609 exscribere

263 2653 560 2751 supersedemus,
577 2651 735 2747 probare
751 2649 878 2724 nititur
903 2651 1105 2747 legendum
1121 2675 1215 2736 esse,
1232 2650 1280 2725 ob
1296 2649 1357 2725 Si·

262 2771 353 2848 cilis
367 2792 514 2853 errasse,
531 2791 575 2839 ac
592 2765 814 2841 Laurentem
828 2793 961 2866 ugrum
977 2769 1140 2842 tenuisse.

314 2881 354 2954 Si
379 2880 462 2977 quis
488 2890 615 2953 tamen
639 2881 794 2977 paulum
820 2882 1029 2969 attenderit,
1055 2882 1165 2957 facile
1189 2882 1357 2958 animad-

263 3002 380 3072 vertet
395 2994 486 3068 uihil
502 2993 562 3070 hic
589 2996 793 3072 mutatione
818 2998 896 3072 ulla
921 3024 1016 3098 opus
1041 3025 1134 3087 esse,
1152 3023 1223 3074 nec
1240 2998 1359 3076 since·

263 3137 344 3190 ram
361 3112 476 3187 modo
493 3137 575 3187 esse
601 3112 834 3211 scripturam,
853 3116 921 3188 sed
946 3140 1097 3192 sensum
1121 3114 1360 3213 perspicuum

264 3235 304 3302 et
318 3225 545 3324 expeditum.
598 3225 713 3309 Quod
732 3225 886 3323 quidem
910 3253 981 3303 uos
1003 3228 1107 3308 brevi
1131 3227 1203 3302 hac
1216 3226 1362 3306 ‹nobrln

266 3341 543 3416 demonstrasse
560 3341 796 3428 confidimus,
813 3342 853 3416 in
869 3369 1048 3440 quacum
1064 3344 1136 3438 leri
1152 3342 1360 3419 Gronoris·

165 3481 169 3486 ·
263 3479 397 3530 narum
419 3458 715 3550 conjecturamm
745 3458 942 3546 mentione,
970 3471 1013 3534 ut
1036 3486 1115 3535 eas
1130 3485 1247 3535 causa
1273 3483 1361 3558 cog·

265 3569 345 3645 nita
360 3570 517 3665 rejectas
534 3597 558 3644 a
573 3572 682 3646 nobis
703 3599 787 3649 esse
812 3574 929 3649 lector
954 3586 1175 3665 moneretur,
1202 3576 1295 3675 quid
1313 3576 1363 3650 de

265 3686 349 3786 ipsa
374 3712 413 3762 re
442 3688 655 3776 sentiamus,
683 3692 814 3788 paucis
840 3692 960 3768 verbis
982 3693 1217 3792 exponimus.
1270 3692 1363 3770 lum

150 3845 157 3862 ·
267 3804 432 3880 observat
449 3805 584 3882 Livius
607 3805 829 3881 AEneanab
855 3807 981 3883 Sicilie
997 3810 1119 3885 classe
1135 3809 1366 3883 inurentem

268 3945 398 4017 agrium
413 3921 585 4008 tenuisse,
603 3932 645 3995 ut
661 3923 797 3997 indicet
807 3949 886 3997 eum
896 3925 1022 4000 nonai>
1033 3926 1168 4001 Sicilia
1180 3927 1221 3998 in
1230 3924 1366 4023 pruni·

267 4063 327 4112 ma
341 4036 467 4120 Italic
480 4050 742 4138 transgressum
745 4041 909 4135 pedestri
917 4043 1045 4116 deinde
1052 4044 1182 4116 itinere
1192 4043 1245 4116 ad
1259 4040 1368 4114 Lae

255 4121 401 4226 iontem
416 4180 549 4256 ugrum
559 4155 772 4251 pervenisse,
790 4158 853 4229 red
866 4170 962 4233 recto
978 4185 1085 4234 cursa
1101 4159 1148 4233 ab
1164 4158 1298 4233 Sicilia
1315 4158 1373 4229 ud

262 4262 470 4344 Mareotis
486 4272 573 4365 egri
589 4269 717 4346 littora
732 4270 884 4346 travibtu
899 4276 1195 4374 delatumjirisss.
1247 4271 1374 4348 Hmrc
