2942 4750
74 668 85 686 ⁰
175 665 259 730 nerii
278 668 310 730 in
333 668 447 733 libram
465 669 707 753 imputarentur,
731 671 855 735 habitus
875 682 922 734 est
942 691 962 733 a
983 667 1075 733 nobis
1095 687 1266 753 granorum

467 161 533 222 DE
562 162 908 235 PONDERIBUS,
935 165 988 222 &c
1225 160 1272 218 ciii

222 323 323 390 Libra¹
337 324 484 391 Romana
498 329 631 407 etmine
646 329 764 405 Attica,
776 327 943 392 unciarum
961 323 1180 390 Parisiensium
1197 330 1267 407 123.
1277 333 1403 380 instemus

222 410 327 474 Uncia
342 411 497 489 Romana,
512 435 686 500 granmm
701 423 775 479 600.
857 430 859 437 ’
959 478 963 485 ,
1275 398 1410 507 {ff

220 482 393 575 Denstius,
403 499 429 561 si
438 497 480 562 ad
491 521 628 563 severam
640 499 880 564 estimationem
893 496 1084 583 exigeretur,
1092 515 1265 581 granorum
1274 538 1378 585 rumque
1387 520 1429 570 vs-

175 601 246 643 esse
260 582 410 647 debuerat
424 594 479 651 75.
492 583 547 648 sed
561 586 638 669 quia
651 607 711 650 usu
721 597 882 667 receptum
897 583 1010 661 fuerat,
1023 593 1058 645 ut
1071 593 1199 646 eentum
1214 583 1419 712 de'ffis‘pln

177 754 401 819 tantummodo
417 762 468 823 72.
1277 717 1417 827 Q*

221 836 388 903 Drachma
402 862 461 923 par
475 855 622 906 censetur
635 841 774 907 mundo.
1279 858 1342 892 mm,

223 921 408 1002 Quinarius,
423 946 597 1012 granorum
614 937 664 992 36.

224 1008 401 1087 Sestertius,
416 1034 589 1097 granorum
608 1022 660 1077 18.

223 1093 418 1173 Sestertium,
435 1099 500 1161 sive
520 1098 605 1165 mille
626 1096 805 1178 nummum,
829 1116 1004 1161 marcarum
1027 1096 1150 1183 argenti
1166 1105 1197 1161 3.
1211 1117 1272 1159 un·

178 1178 301 1243 ciarum
317 1189 347 1249 7.
362 1200 535 1270 granorum
552 1193 625 1249 144.
876 1228 879 1234 -

224 1264 397 1332 Talentum
415 1270 568 1345 Atticum,
585 1291 765 1335 marcarum
779 1266 902 1367 argenti
917 1277 969 1332 98.
983 1267 1150 1331 unciarum
1165 1276 1197 1332 6.

225 1352 282 1428 As,
305 1353 449 1436 quandiu
469 1355 544 1419 deni
564 1355 743 1432 denarium,
764 1354 834 1417 bins
852 1374 926 1417 cum
948 1354 1073 1416 semisse
1095 1353 1273 1417 sestertium

180 1435 401 1515 conficiebant,
423 1440 597 1504 aestimatus
613 1462 633 1503 a
654 1438 747 1503 nobis
775 1453 823 1502 est
846 1437 953 1524 granis
974 1439 1097 1523 argenti
1113 1447 1165 1516 74:
1189 1449 1276 1522 post·

181 1543 315 1608 esquam
334 1524 476 1588 senideni
497 1526 528 1588 in
549 1526 724 1603 denarium,
740 1524 887 1611 quaterni
901 1525 935 1586 in
950 1523 1125 1587 sestertium
1140 1522 1276 1608 conjecti

182 1621 267 1685 sunt,
283 1610 391 1694 granis
406 1611 527 1696 argenti
543 1610 592 1689 tl.

228 1693 312 1758 Haec
328 1694 417 1758 nobis
432 1697 599 1760 estimatio
612 1716 653 1759 ex
667 1696 845 1781 ponderum
862 1695 986 1759 retione
1000 1692 1141 1756 suffecit:
1165 1692 1197 1754 in
1214 1714 1278 1776 qua

183 1777 280 1862 siqui
294 1779 337 1843 ob
359 1781 557 1845 insolentiam
576 1781 707 1846 fortasse
729 1780 906 1857 haerebunt,
929 1793 961 1843 et
975 1778 1113 1865 aliquam
1133 1777 1277 1841 obscuri·

180 1865 256 1933 ,tatis
272 1865 460 1933 nubeculam
482 1889 642 1951 superesse
662 1880 846 1954 querentur,
870 1866 1134 1949 Turonensesque
1155 1860 1277 1935 libellas

178 1961 216 2013 et
233 1949 360 2029 solidos,
384 1952 510 2017 notiora
528 1954 668 2030 nomine,
690 1953 924 2029 desiderabunt,
943 1953 982 2015 iis
998 1950 1185 2014 facillimum
1206 1948 1277 2026 erit,

185 2030 317 2101 definito
339 2038 437 2102 semel
457 2039 490 2101 in
512 2038 625 2104 libellis
646 2038 817 2123 solidisque
839 2036 1079 2101 Turonensibus
1101 2054 1279 2099 marcarum

179 2121 255 2183 auri
268 2133 301 2185 et
318 2123 441 2209 argenti
463 2124 576 2205 pretio,
599 2123 640 2187 sd
659 2124 738 2186 illud
760 2122 903 2206 pondera
921 2144 993 2207 quae
1008 2122 1042 2185 iu
1057 2121 1141 2184 notis
1163 2122 1279 2185 nostris

185 2225 335 2289 expressa
348 2208 523 2292 repererint
535 2210 674 2291 exigere.

231 2291 382 2375 Superest
394 2302 432 2356 ut
445 2293 565 2378 aliquid
580 2292 621 2356 de
637 2293 791 2357 mensuris
805 2295 857 2356 lon
882 2292 908 2354 is
918 2301 955 2361 ¹et
968 2290 1052 2354 cavis
1065 2290 1203 2354 breviter
1218 2290 1278 2363 dis-
1288 2307 1330 2352 ns
1342 2316 1417 2353 unn-

185 2397 334 2443 reramus.
379 2378 511 2443 Initium
533 2379 584 2443 hie
598 2402 617 2442 a
630 2379 722 2464 pede,
742 2315 1010 2465 quemadmodum
1031 2377 1063 2440 in
1085 2375 1280 2461 ponderibus
1289 2382 1375 2418 ⁸⁰¹¹*

186 2461 312 2545 alibrs,
326 2462 504 2528 faciendum
521 2464 656 2530 videtur.

232 2547 291 2614 Pes
314 2550 476 2614 Romanus
500 2551 697 2636 Capitolinus
715 2553 757 2617 ab
775 2551 1021 2638 diligentissimis
1043 2550 1154 2614 telium
1174 2572 1278 2615 rerum
1290 2564 1335 2609 Pes
1346 2562 1439 2608 aoma-

187 2632 438 2720 indegstoribus,
455 2637 555 2702 sedet
572 2637 869 2705 Mathematicsrum
881 2636 1115 2720 disciplinarum
1132 2627 1423 2737 peritissima?

187 2720 247 2784 mis
263 2721 346 2799 viris,
361 2722 540 2788 Picsrdo'et
555 2725 705 2802 Auaritio,
719 2745 922 2809 magnacum
938 2746 1015 2787 cura
1029 2723 1221 2798 observatus,
1234 2724 1281 2786 in·
1291 2755 1407 2814 panem„

189 2818 300 2871 ventus
313 2822 360 2871 est
373 2821 480 2893 partes
492 2808 610 2876 hebere
620 2812 696 2876 659.
710 2809 761 2875 vel
775 2816 869 2893 6533.
885 2808 992 2894 quales
1002 2831 1058 2893 pes
1074 2821 1180 2872 noster
1193 2809 1368 2874 Pari-raris

190 2891 300 2957 sisnsis
314 2893 411 2958 hebet
426 2902 509 2964 720:
532 2918 570 2961 sc
584 2895 719 2980 proinde
737 2918 801 2960 non
817 2909 900 2960 totos
920 2896 1036 2960 hebere
1054 2895 1201 2962 undecim
1215 2895 1285 2978 pol·

110 3025 115 3032 -
189 2975 265 3042 lices
289 2978 490 3062 parisienses,
514 2983 656 3067 quamvis
679 2981 720 3045 sb
744 2975 782 3044 ii's
801 3004 914 3062 parum
939 2982 1028 3057 absit,
1053 3001 1168 3064 nempe
1189 2981 1286 3063 paulo

190 3062 262 3146 plus
277 3085 342 3128 uns
355 3064 477 3130 decima
495 3067 619 3149 pollicis
639 3078 740 3151 perte.
787 3065 863 3131 Hoc
881 3066 1050 3130 discrimen
1065 3067 1149 3129 inter
1164 3066 1285 3130 Roma·

189 3169 266 3213 num
282 3161 517 3236 nostratemque
535 3152 629 3235 pedes
645 3150 730 3215 haud
746 3172 821 3215 saue
841 3172 976 3234 parvum
990 3162 1045 3213 est.
1090 3149 1216 3213 Tamen
1230 3173 1285 3234 pe·

179 3233 264 3298 ·'d'em
288 3235 483 3314 Romanum,
499 3250 531 3300 et
544 3238 611 3322 ejus
631 3248 748 3321 partes,
770 3248 802 3299 et
823 3236 956 3299 omnino
977 3255 1139 3302 mensuras
1160 3233 1285 3320 longas,

191 3333 307 3402 preter
321 3323 457 3388 studium
472 3334 505 3385 et
518 3323 663 3404 milliare,
676 3321 718 3388 sd
734 3322 835 3385 nostri
851 3320 941 3407 pedis
953 3320 1036 3407 regii
1048 3319 1180 3384 modum
1195 3341 1286 3384 revo-

192 3406 312 3470 careia
326 3410 410 3471 notis
424 3409 632 3494 negleximus,
647 3420 817 3493 propterea
833 3407 919 3495 quod
934 3425 994 3473 uec
1008 3405 1089 3472 tanti
1102 3428 1169 3472 esse
1182 3406 1286 3473 visum

181 3502 249 3566 test,
265 3505 297 3554 et
311 3513 361 3555 res
374 3492 532 3558 facillima.
1146 3546 1150 3555 ·

236 3573 300 3640 sed
322 3598 428 3661 operae
450 3579 585 3661 pretium
601 3593 647 3643 est
665 3601 757 3646 nosse
778 3602 874 3667 quem
896 3581 1051 3645 rationem
1071 3578 1226 3644 haberent
1245 3578 1286 3644 sd

184 3659 306 3744 'pedem
321 3676 435 3729 osterse
448 3665 652 3765 antiquorum
666 3687 834 3731 mensurae.
1138 3729 1140 3732 ,

183 3791 188 3798 -
238 3744 300 3812 Pes
320 3748 485 3814 Romanus
503 3749 655 3816 dividitur
672 3753 707 3815 in
728 3766 865 3837 quatuor
882 3749 1200 3836 pslmoasduodecim
1216 3753 1427 3835 pol-resinae

180 3831 278 3911 'licea
293 3832 410 3918 digitos
425 3834 572 3900 sedecim.
1036 3895 1038 3900 ,
1295 3830 1362 3876 ‘¹²²³'
1373 3844 1428 3890 Ψ·

240 3917 385 3994 Cubitus,
401 3920 434 3983 in
449 3920 527 3984 durs
542 3921 726 4005 spithamas,
741 3945 797 3988 sex
810 3921 943 4007 palmos,
959 3921 1070 3986 decem
1084 3932 1116 3987 et
1130 3934 1204 3986 oete
1218 3922 1287 4006 pol·
1295 3898 1398 4004 leiim
1408 3972 1453 4019 p„

194 4002 432 4239 liceggppstuor
445 4017 478 4069 et
491 4005 605 4092 viginti
624 4006 753 4094 digitos.
797 4008 909 4094 Itaque
931 4006 1057 4073 cubitus
1072 4030 1130 4092 psr
1144 4022 1213 4072 erat
1226 4030 1287 4073 ses-
1297 4023 1439 4083 seq-spera

194 4111 248 4192 qiu
262 4196 394 4262 ages-um
409 4187 499 4242 uetus
513 4176 596 4242 duos
607 4178 779 4264 qnsdrstes
798 4178 995 4256 continebat,
1007 4200 1145 4263 quorum
1158 4182 1426 4267 quilibetrsgsrun„

197 4274 323 4326 centum
339 4274 371 4328 et
384 4262 495 4352 viginti
509 4262 608 4351 pedffl
619 4285 870 4412 quaquaversum
878 4264 1033 4415 prebebat
1078 4267 1292 4356 ltaquejusse·
