2942 4750
244 131 332 190 xcviii
640 122 957 184 DISPUTATIO

289 292 380 358 Hinc
394 293 570 357 necessario
591 289 752 377 colligitur
766 286 916 377 congium
937 304 1085 373 capacem
1106 284 1203 351 fuisse
1224 305 1348 353 nom
1398 298 1410 323 '
1441 289 1446 307 '

244 378 468 459 tantummodo
482 378 634 461 librarum
648 377 878 441 memoriarum
893 373 965 452 olei,
977 394 1050 459 quae
1064 370 1205 435 efficiunt
1219 385 1349 457 septem

150 520 152 525 .
246 465 343 529 libras
358 476 390 529 et
404 486 460 528 sex
473 465 581 529 uncias
595 461 714 547 pondo.
759 462 869 529 Quum
877 481 954 545 ergo
1008 458 1105 522 avitas
1120 455 1269 538 specifica
1283 457 1350 522 olei

117 540 123 551 ’
248 550 289 614 sit
303 552 346 629 ad,
357 552 543 635 gravitatem
558 547 735 633 specificam
746 545 824 621 vini,
836 557 873 608 ut
887 554 918 609 9.
934 567 951 606 a
992 553 1038 608 10.
1059 542 1201 626 sequitur
1215 544 1349 626 pondua

85 658 212 705 vuisera
247 636 314 699 vini
328 639 443 723 congio
456 635 595 700 contenti
609 630 995 696 suisaeoctolibrarumet
1010 639 1147 713 quatuor
1160 628 1344 707 unciarum,
1396 688 1403 707 ,

83 723 241 782 mraponuo
250 723 314 785 sive
335 739 461 786 centum
480 723 643 785 unciarum
658 716 779 804 pondo,
793 724 859 780 non
874 726 1002 780 centurn
1016 727 1048 778 et
1061 713 1185 800 viginti,
1199 726 1236 778 ut
1250 728 1349 780 antea

87 795 113 833 ‘t
124 793 228 863 ΨΜ
250 807 406 872 creditum
421 805 531 869 iuerat.

87 864 225 968 ΨΜ
293 893 444 969 Quonam
459 890 556 956 modo
571 890 668 977 igitur
682 910 742 954 oon
767 890 814 952 ius
828 889 890 953 dici
909 898 1012 974 potest
1025 890 1122 951 decem
1131 889 1236 971 pondo
1249 884 1347 951 ease?

88 980 189 1038 magius
199 980 235 1025 di·
251 978 386 1042 Necesse
407 990 456 1041 est
477 978 573 1053 enirn,
591 989 626 1039 ut
647 975 721 1038 huic
743 912 855 1038 ibrmoe
876 973 1037 1060 loquendi,
1051 994 1149 1060 quam
1165 971 1346 1038 indubitata
1410 1014 1415 1029 ·

88 1048 234 1153 ff&
250 1063 446 1147 antiquitatis
462 1072 668 1126 monumenta
681 1071 845 1137 testantur,
861 1082 918 1124 sua
931 1071 1055 1123 constet
1070 1058 1193 1122 rer-itas.

90 1170 177 1228 pondo
296 1149 405 1212 Primo
424 1146 659 1210 observabimus
680 1167 739 1209 nec
766 1147 937 1208 mansoriae
959 1144 1069 1208 decem
1090 1143 1197 1221 libras,
1213 1165 1274 1207 nec
1288 1143 1347 1209 de-

251 1257 320 1299 oem
334 1233 431 1297 libras
445 1233 555 1316 pondo
575 1232 640 1295 vini
662 1242 825 1295 contentas
846 1230 963 1314 congio
977 1229 1082 1293 fuisse.
1128 1230 1203 1292 Non
1217 1251 1347 1294 menso·

226 1368 232 1373 -
251 1322 313 1383 rias
327 1319 433 1383 decem
451 1319 554 1381 libras.
600 1317 683 1381 Nam
698 1315 795 1380 libras
809 1315 871 1379 oiei
886 1316 1057 1379 memorias
1070 1335 1183 1378 novem
1198 1313 1347 1399 capiebat

251 1405 392 1490 congius,
409 1416 445 1467 ut
458 1403 602 1468 vidimus.
647 1403 800 1486 Liquores
817 1388 928 1465 auteni
946 1401 1058 1464 mutati
1072 1422 1136 1464 non
1153 1411 1279 1464 mutant
1291 1422 1348 1465 va·

251 1491 292 1554 sia
306 1491 521 1573 capacitatem.
566 1491 641 1553 Non
655 1488 764 1551 decern
779 1486 876 1550 libras
894 1485 960 1548 vini
975 1486 1092 1569 pondo.
1129 1485 1256 1549 Etenim
1273 1508 1346 1571 sep-

251 1588 316 1641 tem
332 1575 393 1638 olei
409 1576 503 1638 libras
516 1575 624 1659 pondo
639 1595 710 1637 cum
722 1572 850 1636 semisse
860 1571 1049 1636 continebat.
1087 1571 1174 1656 Ergo
1186 1583 1222 1636 ut
1232 1571 1347 1636 decen

251 1662 349 1726 libras
360 1654 471 1748 bondo
486 1662 551 1724 vini
565 1660 749 1734 contineret,
764 1680 887 1722 necesse
901 1669 990 1737 esset,
1004 1672 1040 1720 ut
1053 1657 1190 1744 gravitas
1201 1655 1347 1742 oleispe·

252 1748 344 1814 cifica
359 1759 438 1813 esset
452 1746 493 1813 ad
508 1746 692 1833 gravitatem
710 1745 785 1821 vini,
801 1755 838 1808 ut
851 1753 883 1810 3.
898 1742 939 1807 ad
954 1752 984 1808 4.
998 1742 1085 1828 quod
1100 1755 1208 1827 aperta
1229 1742 1345 1811 falsum

251 1845 312 1900 est.

296 1922 371 1985 Hoc
384 1944 461 2009 ergo
476 1946 570 1987 sensu
591 1923 756 1987 dicebatur
778 1921 919 2009 congius·
931 1942 999 1985 esse
1020 1918 1127 1985 decern
1142 1918 1208 1982 vini
1222 1917 1343 2003 pondm

249 2005 338 2152 quod
360 2007 517 2068 e'usrnodi
538 2008 664 2090 pondus
684 2009 750 2070 vini
770 2020 907 2091 caperet,
933 2006 1019 2093 quod
1040 2027 1099 2090 par
1115 2016 1196 2069 esset
1209 2003 1345 2088 ponderi

274 2110 360 2153 ecem
389 2090 528 2154 ibrarum
552 2091 614 2155 olei
633 2093 875 2156 memoriarum.
919 2091 1021 2157 Libra
1042 2091 1104 2155 olei
1124 2090 1285 2154 mensoria
1298 2102 1345 2153 est

250 2175 415 2239 unciarum
432 2176 541 2260 pondo
555 2178 674 2242 decem.
719 2178 842 2243 Decem
856 2177 954 2264 igitur
975 2178 1066 2242 libras
1086 2177 1265 2252 mansoriae,
1280 2174 1345 2237 sire

250 2273 379 2325 centurn
395 2274 427 2325 et
441 2263 470 2325 vi
496 2263 553 2326 inti
568 2266 671 2327 unciae
686 2264 854 2328 mensoriae
868 2264 931 2328 olei
952 2275 1080 2349 aequam
1093 2273 1221 2327 centurn
1238 2261 1345 2325 uncias

250 2343 381 2434 pondos
405 2285 495 2434 quod
504 2350 606 2435 ipsum
623 2363 669 2415 est
684 2349 749 2413 vini
765 2350 881 2434 congio
894 2349 1035 2414 contenti
1049 2347 1185 2433 pondua

90 2441 244 2492 mannire
296 2435 469 2520 Nuncjam
484 2434 575 2498 facile
590 2446 637 2499 est
655 2435 811 2500 rationem
834 2435 924 2499 iibrae
949 2436 1106 2500 Romana
1127 2433 1346 2520 pondoadli·

90 2508 235 2618 ΒἭΗ
246 2520 343 2584 'bram
361 2520 568 2584 Parisiensem
578 2543 777 2608 cognoscere.
817 2521 961 2609 Congius
970 2532 1097 2585 contum
1112 2522 1222 2584 uncias
1236 2519 1345 2604 pondo

89 2584 160 2681 iiim
172 2599 245 2681 Paris
255 2607 319 2670 vini
334 2606 526 2670 continebat.
571 2607 661 2672 Idem
672 2609 805 2696 congius
816 2627 898 2691 aqua
908 2607 1038 2671 fontana
1046 2607 1160 2691 plenus
1169 2604 1346 2692 diligentia·

90 2700 203 2746 sunum.
254 2693 332 2756 sime
346 2714 505 2776 appensus
520 2693 560 2756 ab
581 2693 754 2756 clarissimo
779 2693 927 2769 Auzutio,
942 2694 1087 2756 inventus
1111 2705 1159 2756 est
1172 2704 1300 2756 centum
1315 2706 1348 2757 et

252 2790 326 2841 octo
341 2778 449 2840 uncias
466 2777 657 2841 Parisienses
673 2776 755 2840 iliius
778 2798 871 2861 aquas
885 2779 1047 2842 continere
1067 2800 1141 2844 curn
1162 2790 1293 2862 septem,
1312 2790 1347 2843 ut
1409 2847 1413 2854 ,

250 2874 376 2936 vocant,
389 2863 511 2948 grossis,
525 2876 557 2925 et
569 2863 677 2948 granis
692 2874 766 2926 octo
780 2883 878 2947 supra
886 2864 1106 2951 quadraginta,
1137 2863 1225 2928 Hinc
1239 2863 1346 2927 statim

251 2957 384 3035 apparet
398 2947 522 3011 unciam
540 2947 717 3012 Romanam
733 2949 913 3034 graviorem
927 2949 1023 3012 fuisse
1037 2951 1130 3014 uncia
1145 2948 1326 3013 parisiensi

297 3031 361 3097 Sed
376 3032 522 3097 observat
536 3033 619 3098 idern
634 3033 683 3096 vir
705 3033 910 3112 clarissimus,
927 3056 1019 3119 quem
1043 3036 1095 3100 hic
1116 3047 1279 3099 auctorem
1299 3056 1347 3099 se·

252 3119 391 3208 quimus,
408 3118 596 3196 lmbameus,
612 3120 809 3205 aliquantum
832 3141 875 3184 ex
895 3119 952 3184 illo
972 3120 1114 3206 pondere
1130 3119 1219 3207 quod
1232 3120 1346 3204 depre-

251 3204 365 3272 bendit
385 3206 636 3272 accuratissimus
660 3207 816 3274 Auzutius
836 3205 1067 3271 detrahendum
1085 3227 1161 3281 esse,
1179 3219 1213 3269 ut
1234 3227 1346 3269 verum

249 3291 439 3356 inveniatur.
485 3291 625 3368 Etenim,
641 3292 668 3355 si
682 3314 731 3355 res
747 3294 785 3356 ad
800 3314 956 3358 summam
978 3292 1174 3380 diligentiam
1189 3290 1345 3439 exigam,

252 3385 285 3439 et
298 3377 401 3442 omnis
415 3398 499 3464 aqua
512 3378 621 3439 vinum
637 3378 777 3460 pondere
792 3392 929 3463 superat,
946 3389 978 3442 et
991 3400 1074 3465 aquo
1095 3377 1226 3441 fontana
1266 3377 1347 3440 umi-

249 3480 347 3524 neam
369 3482 504 3545 aquarn:
528 3474 560 3524 et
585 3473 741 3544 praeterea
762 3465 893 3549 congius
917 3463 1126 3529 Farnesianus
1151 3462 1194 3526 ob
1215 3461 1348 3527 nimiam

251 3557 438 3609 vetustatem
463 3545 651 3630 quibusdam
676 3547 811 3612 sinuosis
832 3548 1036 3614 amfractibus
1058 3561 1236 3626 excavatus,
1253 3569 1347 3633 capa·

146 3699 154 3707 ,
245 3629 398 3715 eiorjam
408 3629 577 3716 aiiqtanto
590 3632 691 3697 factus
705 3648 763 3709 est,
775 3657 872 3720 quam
888 3635 1034 3720 primitus
1046 3636 1159 3702 fuerat

297 3715 485 3782 Hieomnes
508 3739 612 3783 causas
635 3719 669 3782 in
695 3741 795 3783 unum
820 3732 1031 3806 congruentes
1054 3744 1120 3787 non
1143 3721 1246 3786 levem
1270 3722 1346 3786 visse

249 3814 328 3894 sum
341 3802 595 3870 imminutionem
610 3803 780 3887 postulare.
825 3806 937 3894 Itaque
951 3806 1032 3871 libra
1049 3807 1205 3886 Romana,
1222 3808 1348 3894 quoe,si

250 3887 334 3956 nihil
347 3887 563 3954 discederetur
579 3887 620 3954 ab
635 3890 774 3974 pondere
790 3893 982 3968 Auzutiauo,
995 3905 1076 3957 esset
1092 3896 1258 3958 unciarum
1274 3915 1346 3957 nos·

248 3979 373 4038 trardm
388 3973 542 4038 tredecim
556 3995 629 4038 cum
649 3976 757 4059 granis
778 3985 832 4042 43.
847 4001 868 4041 a
889 3978 1069 4043 doctissimo
1084 3979 1248 4046 Labarreo
1262 3979 1346 4043 asti-
1417 3983 1423 3998 ⁸

250 4073 358 4130 matur
372 4059 473 4124 unciis
490 4058 719 4126 Parieiensibua
740 4060 909 4127 duodecim
931 4074 1056 4127 tantum
1077 4086 1151 4130 curn
1173 4064 1345 4141 semuncia,

247 4142 316 4208 eive
327 4145 437 4230 granis
454 4152 528 4216 288,
543 4146 588 4208 ita
603 4158 637 4209 ut
653 4146 748 4210 uncia
764 4145 910 4212 Romana
923 4171 981 4232 par
994 4147 1089 4214 fuerit
1102 4150 1209 4237 grania
1227 4162 1347 4213 nemra·

185 4237 190 4242 ’
249 4223 427 4295 tibuseou
440 4251 514 4318 que
537 4237 610 4298 5¹76.
625 4230 752 4296 unciam
777 4246 949 4299 nostratem
968 4233 1117 4301 efficiunt.
1164 4238 1273 4321 Atque
1286 4233 1346 4308 hac
