2942 4750
380 219 431 284 bl
439 225 473 286 B.
494 221 609 287 xum.
636 226 735 287 ctP.
755 224 874 288 xxm.
1128 235 1186 295 117

123 380 242 447 donum
255 384 415 474 principes
429 410 495 455 non
509 388 716 479 pugnandum
732 409 804 457 cum
819 389 934 456 infesto
947 399 1090 476 tempore
1103 394 1217 462 annin.
1229 414 1255 463 c
1267 413 1322 464 aaa
1342 413 1346 428 ’

122 484 294 548 censerent,
321 474 417 540 nullis
442 476 628 562 praeparatis
649 476 893 556 commeatibus,
916 479 1014 561 quum
1038 478 1255 562 inopinam·
1268 479 1323 528 Μ

121 554 209 635 prius
241 555 428 638 obsidentes,
451 582 546 648 quam
577 560 703 638 obsessi,
726 564 847 626 sensuri
873 574 984 639 essent,
1009 563 1180 629 ''maximc

121 637 207 722 quod
222 638 361 707 hostium
376 645 460 711 haud
482 646 593 732 procul
614 647 689 710 inde
710 646 844 712 hiberna
865 659 955 711 erant
965 671 975 726 ;
999 649 1130 712 territus
1144 648 1179 712 iu

119 724 329 806 Aperantiam
344 740 447 796 castra
460 733 570 796 movit.
614 732 780 816 Aperantii
802 753 885 812 eum,
906 744 1039 818 propter
1061 732 1179 800 Archi·

98 807 206 872 dumi
229 831 379 899 magnam
405 818 437 879 in
463 840 501 881 es
524 830 619 905 gente
642 818 776 903 gratiam
792 821 1085 904 auctoritatemque,
1100 839 1178 883 con·

16 907 30 978 J
117 914 210 959 sensu
226 899 368 963 omnium
384 914 591 986 acceperunt:
613 904 640 964 is
660 902 727 986 ipse
748 924 820 967 cum
842 903 1096 990 octingentorum
1118 904 1177 970 mi·

16 1049 17 1058 ¹
114 977 207 1043 litum
248 984 374 1049 raesidio
389 985 436 1050 his
450 988 708 1073 estpraepositus.

16 1069 17 1096 ¹
160 1063 196 1128 X
237 1067 299 1133 lll.
321 1070 425 1135 ¹'Rex
446 1083 543 1137 cam·
556 1071 680 1136 minore
698 1071 863 1136 vexatione
879 1074 1095 1157 jumentorum
1117 1073 1176 1138 ho-

115 1147 313 1236 minumque,
329 1177 423 1239 qnam
440 1170 576 1234 venerat,
592 1158 626 1220 in
642 1156 866 1222 Macedoniam
885 1157 988 1222 rediit.
1031 1158 1175 1244 Appium

116 1249 222 1300 mmen
237 1238 307 1301 ”ab
332 1240 498 1306 obsidione
518 1241 671 1308 Phanotis
693 1242 776 1306 fama
800 1243 944 1307 ducentis
969 1244 1008 1307 ad
1032 1245 1174 1309 Stratum

115 1318 224 1385 Persei
249 1322 416 1390 submovit.
461 1327 580 1404 Cleuas,
604 1349 677 1391 cum
699 1327 847 1410 praesidio
865 1328 1062 1413 inpigrorum
1081 1331 1174 1413 juve·

116 1425 193 1470 num
209 1406 378 1489 insecutus,
395 1411 454 1477 sub
467 1411 626 1476 radicibus
639 1433 742 1496 prope
756 1411 848 1474 inviis
863 1414 1018 1476 montium
1033 1413 1071 1477 ad
1087 1414 1174 1480 mille

114 1485 282 1557 homiuum
315 1516 356 1559 ex
385 1499 511 1597 agmine
532 1496 675 1579 inpedito
699 1495 825 1573 occidit,
845 1495 886 1560 ad
908 1496 1059 1561 ducentos
1080 1501 1173 1585 cepit.

114 1576 250 1661 Appius,
275 1593 430 1665 superatis
452 1582 616 1666 angustiis,
641 1581 674 1643 in
696 1601 820 1664 campo,
836 1603 929 1667 quem
951 1581 1174 1649 Eteonabvo-

112 1672 198 1737 cant,
223 1664 334 1728 stativa
356 1665 479 1730 dierum
509 1687 685 1752 paucorum
718 1666 858 1732 habuit·
891 1667 1023 1731 Interim
1047 1668 1173 1749 Cleuas,

111 1743 260 1810 adsumto
275 1751 294 1783 ²¹
306 1748 509 1832 Philostrato,
525 1752 579 1837 qui
601 1750 807 1836 Epirotarum
829 1765 956 1836 gentem
976 1751 1123 1828 habebat,
1138 1755 1173 1816 in

109 1851 224 1917 agrum
239 1833 489 1921 Antigonensem
502 1836 718 1901 transscendit.
763 1836 959 1901 Macedones
974 1837 1013 1900 ad
1029 1836 1173 1921 depopu-

111 1913 259 1981 lationem
274 1922 428 2003 profccti3
451 1921 660 1986 Philostratus
676 1943 748 1986 cum
764 1921 896 1986 cohorte
915 1944 974 1985 sua
994 1922 1027 1984 in
1050 1921 1173 1987 insidiis

112 1997 184 2064 loco
199 2002 336 2069 obscuro
351 2006 500 2071 consedit.
522 2008 555 2071 in
570 2007 693 2092 palatos
706 2006 912 2092 populatores
933 2028 1032 2092 quum
1051 2009 1172 2091 erupis·

110 2097 180 2149 seut
199 2086 240 2151 ab
255 2091 439 2178 Antigonea
459 2094 581 2170 armati,
597 2093 754 2179 fugientes
775 2115 829 2156 cos
849 2106 1071 2178 persequentes
1092 2093 1170 2159 effu·

108 2168 174 2234 sius
205 2171 237 2235 in
263 2174 376 2240 vallem
405 2178 553 2241 insessam
579 2177 620 2242 ab
650 2178 791 2241 hostibus
816 2179 1027 2262 praecipitant.
1055 2177 1101 2242 ibi
1130 2180 1171 2244 ad

105 2254 196 2318 mille
211 2259 331 2335 occisis,
347 2273 472 2324 centum
487 2262 587 2325 ferme
601 2263 712 2344 captis,
725 2263 843 2345 ubique
857 2283 1006 2345 prospere
1020 2275 1169 2344 gestare,

134 2357 213 2421 rope
227 2342 339 2405 stativa
355 2344 451 2427 Appii
465 2358 570 2409 castra
584 2357 722 2421 movent,
738 2367 780 2408 ne
795 2365 859 2427 qua
879 2345 925 2407 uis
946 2346 1037 2409 sociis
1051 2347 1114 2409 suis
1128 2346 1170 2410 ab

140 2442 259 2486 omano
284 2427 423 2490 exercitu
454 2428 562 2490 inferri
592 2427 700 2509 possit.
744 2427 880 2507 Appius,
901 2427 1113 2511 nequidquam
1135 2431 1168 2491 in

106 2508 161 2572 bis
193 2507 272 2572 loeis
301 2521 406 2573 terens
434 2522 570 2594 tempus,
592 2508 729 2573 dimissis
756 2509 996 2593 Chaonumque,
1018 2524 1048 2574 et
1070 2512 1095 2574 si
1113 2513 1173 2660 qni

105 2591 163 2657 alii
179 2591 325 2678 Epirotae
347 2607 446 2673 eraut,
462 2593 628 2681 praesidiis,
645 2613 717 2657 cam
740 2593 861 2659 Italicis
880 2594 1032 2659 militibus
1046 2597 1077 2659 in
1095 2597 1111 2661 l
1134 2619 1171 2684 y-

43 2700 58 2725 ·
103 2677 208 2741 risam
231 2692 400 2768 regressus,
422 2703 481 2766 per
502 2679 725 2746 Parthinorum
747 2680 847 2743 socias
869 2682 962 2744 urbes
982 2681 1015 2742 in
1038 2681 1170 2748 hiberna

103 2762 259 2829 militibus
273 2765 420 2845 dbnissie,
435 2767 503 2852 ipse
519 2766 654 2830 Romam
669 2765 814 2830 sacrificii
826 2786 934 2829 caussa
949 2765 1053 2830 rediit.
1090 2769 1169 2833 Per-

106 2869 180 2912 seus
203 2869 244 2913 ex
270 2849 475 2916 Penestarum
497 2863 592 2939 gente
611 2850 698 2914 mille
718 2850 851 2936 pedites,
874 2850 1026 2915 ducentos
1048 2854 1169 2939 equites

103 2944 276 3012 revocatos,
307 2935 539 3016 Cassandriam,
567 2934 718 3021 prasidio
754 2950 792 2999 ut
827 2951 940 3012 essent,
968 2937 1062 2999 misit.
1115 2940 1167 3003 Ab

103 3018 224 3082 Gentio
248 3019 358 3084 eadem
381 3022 555 3086 adferentes
574 3020 748 3085 redieruut.
770 3042 830 3085 nec
844 3018 960 3085 deinde
979 3020 1057 3084 alios
1072 3031 1167 3106 atqua

100 3100 182 3165 alios
195 3104 352 3169 mittendo
373 3117 495 3170 tentare
516 3127 590 3169 eum
611 3105 741 3181 destitit,
757 3126 856 3191 quum
875 3104 1049 3190 adpareret,
1065 3126 1167 3191 quau·

101 3198 173 3250 tum
194 3189 228 3251 in
250 3210 289 3251 eo
309 3191 448 3274 praesidii
470 3200 570 3269 esset3
592 3211 652 3253 nec
667 3203 772 3253 tamen
794 3189 966 3273 impetrare
990 3189 1031 3253 ab
1055 3191 1165 3254 animo

16 3286 23 3311 ·
95 3268 221 3418 'posset
246 3275 313 3338 ”ut
338 3277 501 3359 inpensam
522 3275 555 3337 in
578 3295 643 3338 rem
668 3274 802 3339 maximi
822 3273 864 3339 ad
886 3275 992 3340 omnia
1011 3275 1165 3343 momenti

34 3376 43 3401 t
115 3370 220 3421 ficeret
236 3360 331 3424 ”no

325 3495 649 3543 ‘amtmumacrea
750 3491 941 3544 inassatas.

134 3676 300 3725 lO'Maaeiasc
310 3677 381 3742 aad]
399 3679 436 3726 Eo
447 3680 555 3726 maxime
570 3686 619 3725 ter·
650 3684 724 3737 sugat
734 3679 817 3725 mendi
829 3680 988 3739 suspicionem
1004 3682 1031 3730 ld
1045 3685 1111 3746 quod
1126 3696 1164 3731 st·

99 3741 172 3795 nau,
183 3743 249 3802 quod
264 3743 371 3789 badum
386 3744 452 3790 baad
462 3743 546 3804 procul
562 3743 619 3789 inde
650 3742 750 3802 quitata
768 3741 926 3792 Philostratus
942 3758 995 3793 cam
1009 3747 1099 3794 amone
1112 3760 1163 3793 rua·

100 3805 202 3851 bibam
212 3810 288 3851 aaut.
648 3806 689 3851 An
708 3805 774 3850 enan
793 3804 948 3864 Epirotarum
965 3823 1026 3871 gens
1043 3807 1164 3857 contribui

133 3868 165 3913 lu
181 3865 235 3913 Rex
246 3882 291 3914 aon
306 3869 534 3933 mlaorcucaeatloac]
550 3868 616 3915 olim
648 3873 742 3929 poterat
759 3868 784 3914 in
803 3883 878 3915 unam
895 3872 1038 3919 cohortem?
1071 3871 1164 3928 laam

100 3945 155 3977 war
173 3931 267 3976 πέπονι.
312 3931 458 3978 Emendavit
479 3924 616 3978 Gronovius
647 3943 776 3990 possumus
794 3932 833 3978 hic
850 3933 1002 3993 Epirotarum
1018 3930 1164 3992 trundum,

99 4007 130 4040 ex
142 3992 302 4040 Freinshemil
311 3996 437 4040 sententia.
552 4032 555 4039 ,
647 3995 668 4039 si
684 4001 749 4041 recte
765 3996 801 4042 illi
822 3999 940 4044 nominati
956 4002 1015 4044 sunt
1033 4008 1055 4040 c.
1073 4003 1163 4052 prooe-

136 4055 171 4103 20
189 4056 228 4103 At
249 4058 361 4104 madum
382 4056 507 4120 Phanotis]
535 4056 616 4103 Scribe
647 4058 721 4104 denti,

101 4118 226 4167 macta.
255 4120 300 4167 Est
310 4117 485 4171 samonam
505 4112 616 4168 saort
679 4119 711 4167 22
730 4120 899 4181 uttmpcmm
916 4123 942 4165 ta
959 4132 1009 4165 ress
1025 4116 1164 4166 mariauad

100 4193 177 4229 vina.
645 4184 722 4229 emta
738 4185 845 4231 mamert
865 4180 968 4242 fama]
997 4178 1045 4226 Hic
1067 4183 1162 4232 utens·

131 4244 163 4292 21
181 4245 331 4302 Philostrato,
342 4248 383 4309 pat
398 4246 550 4307 Epirotam
558 4258 615 4307 gea-
645 4259 702 4293 cum
713 4252 858 4307 apposuertu
869 4243 990 4304 Sigonius,
997 4245 1162 4310 quudesqun

99 4307 615 4374 emmerammianos
645 4307 1162 4437 noqntammnqsmauu

678 4391 693 4438 1
