2942 4750
486 139 690 205 DEAERE
712 139 892 202 GR'AVI.
1191 145 1238 204 cix

16 282 79 367 Γ
144 302 194 370 les
207 314 320 373 tunm
341 303 422 369 nibil
442 304 515 371 inde
536 303 695 371 commodi
713 305 829 381 seusit3
858 320 1020 388 quamque
1040 303 1071 368 ei
1091 301 1239 371 debarim

147 389 327 467 deberetur,
337 390 451 455 decern
471 390 691 455 tantammodo
706 412 796 470 asses,
812 410 852 454 ex
865 389 997 474 antiqua
1015 387 1139 454 denarii
1154 392 1240 457 testi·

16 462 24 541 t'
79 536 82 539 .
147 477 296 555 mationa,
309 498 376 540 non
391 476 560 554 sexdecim,
575 477 815 556 ex'recentiore,
830 475 997 540 dabantur.
1038 494 1041 497 ·

16 550 24 701 P
193 561 276 629 Hac
299 575 346 626 sat
368 561 450 626 belle
474 584 508 626 se
531 563 659 627 babent.
706 561 799 627 Unus
822 576 928 627 tamen
952 562 1126 623 etiamnum
1151 562 1400 647 angitunusraetn

69 702 79 718 ,
146 647 326 732 campulus,
349 646 483 732 quadiu
499 645 559 712 ltac
580 648 729 731 opinione
745 647 874 712 nullum
896 646 936 731 sit
951 646 1050 730 ‚pretii
1064 647 1236 713 discrimen
1247 637 1358 697 optusum

146 732 230 797 iuter
246 756 289 798 ars
302 752 399 820 grave
572 732 717 809 leviores,
729 734 887 832 ¹quamdiu
908 732 1107 795 sextantariis
1121 701 1381 801 assiburmpfflu‘

149 816 289 884 Romani
314 820 363 883 usi
384 828 470 882 sunt.
547 839 589 880 ou
614 819 699 881 enim
719 817 774 883 lus
796 817 918 883 assibus
941 818 1097 899 percussis
1116 830 1242 885 mutata

149 915 345 968 memoratur
366 903 481 968 assium
498 901 720 969 addentium
741 905 833 980 ratio,
849 900 902 966 sod
917 917 984 966 tum
999 902 1129 968 demum
1143 925 1242 988 quarn

34 1020 48 1041 υ
147 1010 234 1052 asses
252 989 392 1053 unciales
406 988 479 1053 facti
494 1001 579 1053 sunt.
624 989 735 1074 Itaque
755 986 864 1053 decem
889 988 1072 1057 sextantarii
1092 1012 1187 1069 asses,
1203 1002 1244 1061 ‚ut

147 1074 305 1138 etdecem
317 1074 392 1137 seris
405 1075 521 1160 gravis,
546 1092 646 1138 unum
666 1075 828 1141 denarium
848 1071 1034 1159 aequabant:
1049 1096 1094 1139 «ac
1109 1074 1243 1156 proinde

149 1179 171 1221 a
183 1156 258 1221 belli
276 1160 387 1223 Punici
405 1160 501 1244 primi
522 1158 719 1242 temporibus
734 1158 888 1246 usquead
905 1160 1039 1224 alterum
1059 1180 1243 1231 anuumse-

148 1242 437 1391 ffnflfld'flmdmm
452 1246 508 1309 aeri
522 1247 612 1332 gravi
627 1246 764 1329 pretium
786 1244 955 1309 dicendum
975 1244 1025 1321 ait,
1047 1245 1131 1310 lraud
1152 1244 1243 1309 facile

173 1350 190 1390 e
236 1350 275 1390 rrr
333 1342 403 1393 test.

196 1350 414 1485 Unudrxdrobis
425 1395 576 1500 effugiurir
588 1425 739 1497 superest,
755 1414 781 1476 si
796 1413 937 1476 dicamus
949 1425 1016 1477 toto
1031 1413 1087 1477 illo
1099 1427 1242 1499 tempore
1251 1428 1289 1475 ne
1299 1439 1328 1474 so
1338 1435 1405 1471 ama

149 1497 273 1562 nullutn
297 1520 388 1562 usum
405 1500 500 1562 fuisse
514 1500 586 1561 aeris
604 1498 710 1586 gravis
724 1496 759 1560 in
776 1497 980 1562 conficiendis
999 1502 1142 1582 pecuniae
1159 1493 1397 1585 pra-imm·

150 1583 258 1661 sentis,
276 1582 306 1645 id
323 1596 379 1660 est,
395 1584 460 1669 ejus
481 1605 553 1667 quae
567 1597 643 1646 tunc
664 1583 837 1647 solveretur
858 1597 1124 1662 numerareturve,
1147 1563 1350 1648 ratio-Jectum

150 1667 267 1743 nibus;
290 1667 347 1731 sed
362 1668 583 1732 tantummodo
596 1667 651 1731 ubi
669 1668 863 1752 loquendum
885 1679 966 1731 esset
979 1667 1019 1731 de
1033 1670 1166 1753 antiquo
1181 1691 1245 1733 rere

152 1774 217 1837 quo
231 1753 379 1817 utebatur
399 1754 509 1817 civitas
527 1767 602 1817 ante
622 1753 825 1816 imminutum
847 1753 963 1815 assium
982 1752 1126 1835 pondus:
1150 1770 1246 1839 atque

154 1838 195 1902 ad
225 1835 286 1900 hoc
314 1840 488 1902 notandum
513 1837 682 1901 discrimen
707 1840 779 1901 aeris
808 1836 929 1923 antiqui
957 1861 977 1902 a
1006 1838 1134 1916 recenti,
1160 1838 1246 1903 illam

154 1923 227 1986 aeris
241 1926 346 2008 gravis
360 1923 604 2007 appellationem
614 1924 719 2009 primo
732 1924 888 1987 invectam
903 1945 977 1987 esse.
1024 1923 1247 2011 Posteaquam

74 2032 77 2037 ·
154 2007 275 2071 assibus
287 2009 463 2073 uncialibus
476 2007 566 2072 factis
580 2023 701 2073 mutata
712 2023 792 2073 esset
801 2010 916 2073 assium
927 2010 967 2072 ad
977 2009 1143 2074 denarium
1155 2010 1247 2089 ratio,

154 2094 223 2156 tum
243 2093 369 2156 demum
391 2093 533 2158 dicemus
552 2094 741 2157 advocatum
758 2118 824 2158 esse
839 2116 883 2157 tes
900 2115 996 2179 mara
1009 2094 1050 2158 sd
1065 2097 1245 2180 exprimen-

153 2177 211 2241 das
227 2177 388 2260 prasentia
402 2178 546 2261 pecunia
559 2198 706 2253 summas,
721 2189 757 2240 ut
772 2199 839 2240 mos
853 2178 975 2259 priscas
989 2180 1245 2244 oestimandarum

154 2262 361 2346 pecuniarum
377 2261 502 2346 publice
516 2263 729 2339 retineretur.—

199 2345 296 2421 Quod
311 2345 374 2410 hoc
388 2346 458 2410 loco
472 2347 630 2430 ponimus,
652 2344 917 2433 quemadmodum
933 2344 1068 2409 fatemur
1081 2347 1175 2411 nullis
1190 2346 1246 2413 ad·

155 2431 235 2496 strui
246 2431 369 2495 disertis
379 2444 522 2498 veterum
533 2432 732 2507 testimoniis,
745 2432 789 2495 ita
799 2429 895 2493 nullis
904 2452 1032 2516 quoque
1042 2433 1140 2495 everti
1155 2455 1246 2517 posse
1263 2435 1265 2441 '

155 2517 377 2581 existimamus.
420 2517 491 2580 lmo
504 2516 649 2580 nonnihil
664 2515 746 2580 favet
761 2514 850 2579 nobis
864 2527 1044 2598 temporum
1060 2519 1149 2580 ratio.
1192 2519 1246 2582 Ex

155 2623 220 2687 quo
244 2602 329 2664 enim
351 2614 494 2687 tempore
516 2615 639 2666 constat
662 2623 747 2665 asses
768 2602 975 2664 sextantarios
996 2599 1096 2665 factos
1116 2623 1192 2679 esse,
1213 2601 1247 2667 id

156 2700 213 2763 est,
230 2709 249 2749 a
268 2687 360 2772 primi
385 2686 499 2751 Punici
521 2686 595 2751 belli
615 2686 688 2762 fine,
711 2687 816 2769 prima
837 2685 956 2749 mentio
975 2687 1048 2749 aeris
1068 2687 1173 2788 gravis
1194 2709 1248 2751 oc»

156 2772 257 2836 currit
279 2771 364 2855 apud
391 2772 528 2849 Livium,
552 2772 575 2835 l.
605 2771 721 2836 XXII.
745 2793 773 2834 c.
794 2781 847 2837 83.
873 2781 947 2854 post
969 2772 1143 2855 deposttam
1165 2795 1185 2836 a
1203 2771 1248 2848 Q.

121 2871 127 2882 “
158 2856 260 2923 Fabio
283 2857 428 2922 Maximo
448 2855 648 2933 dictaturam,
672 2878 737 2941 quo
758 2855 912 2920 dictatore
934 2855 1057 2920 Plinius
1078 2865 1249 2922 auctorest

156 2964 265 3008 rursus
285 2942 488 3006 imminutum
504 2963 571 3005 esse
590 2944 703 3005 assium
725 2940 862 3026 pondus,
883 2953 916 3004 et
934 2941 976 3004 ad
992 2942 1116 3006 unciam
1140 2943 1249 3008 reduc·

157 3040 237 3103 tom,
260 3026 415 3112 simulque
435 3038 589 3089 mutatam
611 3048 680 3089 esse
701 3029 814 3089 assium
837 3028 876 3090 ad
893 3024 1059 3089 denarium
1082 3027 1248 3100 rationem.

159 3129 196 3176 ut
210 3110 367 3175 sexdecim
379 3131 462 3173 asses
477 3112 509 3173 in
524 3112 690 3173 denarium
701 3110 986 3173 contribuerentur.
1020 3111 1133 3195 ltaque
1146 3112 1251 3194 prima

159 3196 279 3261 mentio
297 3197 369 3259 aeria
388 3195 493 3281 gravis
511 3195 542 3257 in
565 3194 729 3278 praesentis
750 3196 892 3278 pecuniae
913 3194 1087 3258 rationibus
1101 3195 1134 3257 in
1149 3217 1250 3260 unum

159 3281 305 3368 idemque
324 3294 448 3365 tempus
469 3283 617 3367 congruit
640 3300 713 3343 cum
734 3292 854 3344 mutata
878 3278 994 3343 assium
1022 3278 1063 3342 ad
1083 3278 1249 3345 denarium

160 3366 292 3430 ratione.

205 3450 253 3516 Ut
269 3450 368 3536 igitur
382 3451 490 3534 paucis
510 3448 734 3513 contrahamus
749 3472 786 3514 ea
800 3471 872 3531 quta
886 3460 953 3512 tota
966 3448 1026 3513 hac
1039 3449 1251 3535 disputatione
1257 3467 1400 3527 mepta

160 3534 318 3620 complexi
339 3557 457 3609 sumus,
473 3534 534 3598 tria
555 3532 641 3598 haud
663 3533 912 3619 improbabiliter
932 3533 1056 3599 definiri
1078 3558 1169 3621 posse
1183 3531 1343 3602 cre-¹²⁰⁶*

159 3621 265 3686 dimus
280 3619 320 3683 de
334 3642 397 3683 rere
410 3620 509 3706 gravi.

191 3716 249 3852 'ld
265 3704 432 3792 [flagrare
446 3702 571 3767 nullum
584 3702 705 3768 dictum
719 3703 789 3780 fuit,
805 3704 907 3770 donec
921 3704 1058 3770 levatam
1074 3718 1123 3769 est
1136 3707 1250 3772 assium

205 3812 227 3853 n
251 3812 296 3853 us.

160 3812 249 3940 pov·
266 3873 398 3939 Assibus
412 3874 610 3937 sextantariis
624 3872 722 3950 sactis,
740 3875 811 3938 teris
824 3875 928 3960 gravis
943 3873 1115 3957 appellatio
1130 3875 1252 3944 insecta

160 3962 223 4025 fuit
245 3961 283 4023 ad
306 3958 516 4043 designandos
537 3980 619 4021 asses
641 3958 778 4039 librales,
799 3961 854 4045 qui
876 3973 968 4023 antea
987 3960 1020 4023 itt
1036 3981 1096 4023 usu
1118 3958 1251 4025 itteram.

163 4047 286 4110 Verum
308 4043 414 4107 nullus
429 4058 496 4106 tum
512 4044 578 4128 ejas
599 4044 817 4127 appellationis
839 4065 913 4107 usus
926 4044 985 4108 fuit
998 4045 1032 4109 in
1047 4045 1177 4108 summis
1197 4065 1252 4128 pe·

161 4132 327 4195 ceniarum
342 4149 415 4213 quse
428 4138 496 4190 tum
515 4128 760 4209 conficerentur,
774 4129 828 4192 sed
843 4140 966 4194 tautum
982 4128 1037 4195 ubi
1051 4151 1157 4195 sermo
1170 4141 1253 4196 esset

161 4213 203 4279 de
217 4237 281 4281 sere
295 4229 399 4279 vetere
413 4212 491 4276 olim
505 4213 628 4278 usitato.
