<?xml version="1.0" encoding="UTF-8"?>
<!DOCTYPE html PUBLIC "-//W3C//DTD XHTML 1.0 Transitional//EN"
    "http://www.w3.org/TR/xhtml1/DTD/xhtml1-transitional.dtd">
<html xmlns="http://www.w3.org/1999/xhtml" xml:lang="en" lang="en">
 <head>
  <title>
</title>
<meta http-equiv="Content-Type" content="text/html;charset=utf-8" />
  <meta name='ocr-system' content='tesseract 3.04.00' />
  <meta name='ocr-capabilities' content='ocr_page ocr_carea ocr_par ocr_line ocrx_word'/>
</head>
<body>
  <div class='ocr_page' id='page_1' title='image "./tliviipatavinih05crevgoog/tliviipatavinih05crevgoog_0044.png"; bbox 0 0 2942 4750; ppageno 0'>
   <div class='ocr_carea' id='block_1_1' title="bbox 452 429 1192 740">
    <p class='ocr_par' dir='ltr' id='par_1_1' title="bbox 452 429 1192 740">
     <span class='ocr_line' id='line_1_1' title="bbox 452 429 1192 540; baseline -0.009 0"><span class='ocrx_word' id='word_1_1' title='bbox 452 433 758 540; x_wconf 86' lang='lat' dir='ltr'><strong>T.L1V11</strong></span> <span class='ocrx_word' id='word_1_2' title='bbox 815 429 1192 535; x_wconf 88' lang='lat' dir='ltr'><strong>PATAVINI</strong></span> 
     </span>
     <span class='ocr_line' id='line_1_2' title="bbox 617 656 1025 740; baseline -0.002 0"><span class='ocrx_word' id='word_1_3' title='bbox 617 657 845 740; x_wconf 74' lang='lat' dir='ltr'><strong>staua</strong></span> <span class='ocrx_word' id='word_1_4' title='bbox 880 656 1025 740; x_wconf 76' lang='lat' dir='ltr'><strong>xsn.</strong></span> 
     </span>
    </p>
   </div>
   <div class='ocr_carea' id='block_1_2' title="bbox 720 881 916 948">
    <p class='ocr_par' dir='ltr' id='par_1_2' title="bbox 720 881 916 948">
     <span class='ocr_line' id='line_1_3' title="bbox 720 881 916 948; baseline 0 -27"><span class='ocrx_word' id='word_1_5' title='bbox 720 881 916 948; x_wconf 53' lang='lat'><strong>7*-</strong></span> 
     </span>
    </p>
   </div>
   <div class='ocr_carea' id='block_1_3' title="bbox 30 1048 1457 2256">
    <p class='ocr_par' dir='ltr' id='par_1_3' title="bbox 30 1048 1457 1146">
     <span class='ocr_line' id='line_1_4' title="bbox 30 1048 1457 1146; baseline -0.001 -23"><span class='ocrx_word' id='word_1_6' title='bbox 30 1076 35 1081; x_wconf 82' lang='lat'>&#39;</span> <span class='ocrx_word' id='word_1_7' title='bbox 128 1076 158 1123; x_wconf 79' lang='lat' dir='ltr'><strong>u,</strong></span> <span class='ocrx_word' id='word_1_8' title='bbox 170 1077 196 1124; x_wconf 92' lang='lat' dir='ltr'><strong>c.</strong></span> <span class='ocrx_word' id='word_1_9' title='bbox 208 1072 264 1121; x_wconf 77' lang='lat' dir='ltr'><strong>tra.</strong></span> <span class='ocrx_word' id='word_1_10' title='bbox 289 1048 337 1130; x_wconf 83' lang='lat' dir='ltr'><strong>L.</strong></span> <span class='ocrx_word' id='word_1_11' title='bbox 362 1060 634 1128; x_wconf 87' lang='lat' dir='ltr'><strong>POSTUMIUS</strong></span> <span class='ocrx_word' id='word_1_12' title='bbox 649 1062 797 1140; x_wconf 82' lang='lat' dir='ltr'>Albinus,</span> <span class='ocrx_word' id='word_1_13' title='bbox 811 1064 858 1126; x_wconf 90' lang='lat' dir='ltr'><strong>M.</strong></span> <span class='ocrx_word' id='word_1_14' title='bbox 875 1062 1031 1146; x_wconf 83' lang='lat' dir='ltr'>Popillius</span> <span class='ocrx_word' id='word_1_15' title='bbox 1044 1061 1160 1127; x_wconf 79' lang='lat' dir='ltr'><strong>Laenas</strong></span> <span class='ocrx_word' id='word_1_16' title='bbox 1175 1079 1275 1146; x_wconf 89' lang='lat' dir='ltr'><strong>quum</strong></span> <span class='ocrx_word' id='word_1_17' title='bbox 1286 1079 1356 1122; x_wconf 91' lang='lat' dir='ltr'><strong>om·</strong></span> <span class='ocrx_word' id='word_1_18' title='bbox 1452 1074 1457 1089; x_wconf 90' lang='lat'><strong>·</strong></span> 
     </span>
    </p>

    <p class='ocr_par' dir='ltr' id='par_1_4' title="bbox 127 1137 1356 1249">
     <span class='ocr_line' id='line_1_5' title="bbox 127 1137 1356 1249; baseline -0.004 -38"><span class='ocrx_word' id='word_1_19' title='bbox 127 1137 267 1249; x_wconf 39' lang='lat'><strong>23:3³*</strong></span> <span class='ocrx_word' id='word_1_20' title='bbox 287 1148 379 1227; x_wconf 80' lang='lat' dir='ltr'><strong>nium</strong></span> <span class='ocrx_word' id='word_1_21' title='bbox 394 1148 536 1232; x_wconf 78' lang='lat' dir='ltr'><strong>primurn</strong></span> <span class='ocrx_word' id='word_1_22' title='bbox 558 1147 599 1211; x_wconf 87' lang='lat' dir='ltr'><strong>de</strong></span> <span class='ocrx_word' id='word_1_23' title='bbox 622 1150 793 1233; x_wconf 81' lang='lat' dir='ltr'><strong>provinciis</strong></span> <span class='ocrx_word' id='word_1_24' title='bbox 806 1148 1061 1232; x_wconf 65' lang='lat' dir='ltr'>exercitibusque</span> <span class='ocrx_word' id='word_1_25' title='bbox 1082 1146 1122 1211; x_wconf 84' lang='lat' dir='ltr'><strong>atl</strong></span> <span class='ocrx_word' id='word_1_26' title='bbox 1143 1156 1289 1211; x_wconf 82' lang='lat' dir='ltr'><strong>sanatum</strong></span> <span class='ocrx_word' id='word_1_27' title='bbox 1305 1160 1356 1207; x_wconf 79' lang='lat' dir='ltr'><strong>re-</strong></span> 
     </span>
    </p>

    <p class='ocr_par' dir='ltr' id='par_1_5' title="bbox 128 1227 1420 1406">
     <span class='ocr_line' id='line_1_6' title="bbox 128 1227 1420 1320; baseline -0.002 -23"><span class='ocrx_word' id='word_1_28' title='bbox 128 1234 443 1320; x_wconf 50' lang='lat' dir='ltr'><strong>mammaeam,</strong></span> <span class='ocrx_word' id='word_1_29' title='bbox 468 1232 603 1319; x_wconf 75' lang='lat' dir='ltr'><strong>Ligures</strong></span> <span class='ocrx_word' id='word_1_30' title='bbox 635 1236 763 1320; x_wconf 87' lang='lat' dir='ltr'><strong>utrique</strong></span> <span class='ocrx_word' id='word_1_31' title='bbox 792 1233 913 1298; x_wconf 78' lang='lat' dir='ltr'><strong>decreti</strong></span> <span class='ocrx_word' id='word_1_32' title='bbox 941 1247 1032 1297; x_wconf 88' lang='lat' dir='ltr'><strong>sunt:</strong></span> <span class='ocrx_word' id='word_1_33' title='bbox 1067 1245 1104 1297; x_wconf 93' lang='lat' dir='ltr'><strong>ut</strong></span> <span class='ocrx_word' id='word_1_34' title='bbox 1125 1253 1222 1295; x_wconf 78' lang='lat' dir='ltr'><strong>navas</strong></span> <span class='ocrx_word' id='word_1_35' title='bbox 1247 1227 1355 1306; x_wconf 80' lang='lat' dir='ltr'><strong>ambo,</strong></span> <span class='ocrx_word' id='word_1_36' title='bbox 1388 1238 1420 1283; x_wconf 60' lang='lat'><strong>²-</strong></span> 
     </span>
     <span class='ocr_line' id='line_1_7' title="bbox 193 1313 1389 1406; baseline -0.003 -23"><span class='ocrx_word' id='word_1_37' title='bbox 193 1330 271 1406; x_wconf 41' lang='lat' dir='ltr'><strong>‚ans</strong></span> <span class='ocrx_word' id='word_1_38' title='bbox 335 1319 487 1383; x_wconf 76' lang='lat' dir='ltr'><strong>ibernam</strong></span> <span class='ocrx_word' id='word_1_39' title='bbox 507 1320 701 1403; x_wconf 77' lang='lat' dir='ltr'><strong>provinciam</strong></span> <span class='ocrx_word' id='word_1_40' title='bbox 724 1320 915 1394; x_wconf 72' lang='lat' dir='ltr'><strong>obtinerent,</strong></span> <span class='ocrx_word' id='word_1_41' title='bbox 932 1319 1084 1405; x_wconf 77' lang='lat' dir='ltr'><strong>legiones,</strong></span> <span class='ocrx_word' id='word_1_42' title='bbox 1101 1318 1200 1401; x_wconf 83' lang='lat' dir='ltr'><strong>(binoe</strong></span> <span class='ocrx_word' id='word_1_43' title='bbox 1221 1313 1356 1401; x_wconf 77' lang='lat' dir='ltr'><strong>singulis</strong></span> <span class='ocrx_word' id='word_1_44' title='bbox 1385 1334 1389 1341; x_wconf 89' lang='lat'><em>·</em></span> 
     </span>
    </p>

    <p class='ocr_par' dir='ltr' id='par_1_6' title="bbox 201 1402 1356 1487">
     <span class='ocr_line' id='line_1_8' title="bbox 201 1402 1356 1487; baseline -0.003 -18"><span class='ocrx_word' id='word_1_45' title='bbox 201 1406 268 1440; x_wconf 64' lang='lat'><strong>⁰⁰¹²*</strong></span> <span class='ocrx_word' id='word_1_46' title='bbox 312 1406 440 1484; x_wconf 83' lang='lat' dir='ltr'><strong>ecratae)</strong></span> <span class='ocrx_word' id='word_1_47' title='bbox 461 1416 494 1468; x_wconf 82' lang='lat' dir='ltr'><strong>et</strong></span> <span class='ocrx_word' id='word_1_48' title='bbox 515 1405 635 1469; x_wconf 82' lang='lat' dir='ltr'><strong>socitim</strong></span> <span class='ocrx_word' id='word_1_49' title='bbox 652 1406 760 1471; x_wconf 80' lang='lat' dir='ltr'><strong>Latini</strong></span> <span class='ocrx_word' id='word_1_50' title='bbox 780 1405 919 1469; x_wconf 87' lang='lat' dir='ltr'><strong>nominis</strong></span> <span class='ocrx_word' id='word_1_51' title='bbox 940 1404 1023 1468; x_wconf 86' lang='lat' dir='ltr'><strong>dena</strong></span> <span class='ocrx_word' id='word_1_52' title='bbox 1045 1404 1145 1468; x_wconf 84' lang='lat' dir='ltr'><strong>millia</strong></span> <span class='ocrx_word' id='word_1_53' title='bbox 1165 1402 1308 1487; x_wconf 80' lang='lat' dir='ltr'><strong>peditum</strong></span> <span class='ocrx_word' id='word_1_54' title='bbox 1322 1410 1356 1465; x_wconf 77' lang='lat' dir='ltr'><strong>et</strong></span> 
     </span>
    </p>

    <p class='ocr_par' dir='ltr' id='par_1_7' title="bbox 286 1483 1356 1575">
     <span class='ocr_line' id='line_1_9' title="bbox 286 1483 1356 1575; baseline -0.007 -21"><span class='ocrx_word' id='word_1_55' title='bbox 286 1498 459 1554; x_wconf 70' lang='lat' dir='ltr'><strong>sescenos*</strong></span> <span class='ocrx_word' id='word_1_56' title='bbox 483 1491 615 1574; x_wconf 79' lang='lat' dir='ltr'><strong>equites,</strong></span> <span class='ocrx_word' id='word_1_57' title='bbox 641 1504 674 1555; x_wconf 83' lang='lat' dir='ltr'><strong>et</strong></span> <span class='ocrx_word' id='word_1_58' title='bbox 699 1492 955 1575; x_wconf 87' lang='lat' dir='ltr'><strong>supplementum</strong></span> <span class='ocrx_word' id='word_1_59' title='bbox 981 1490 1148 1573; x_wconf 76' lang='lat' dir='ltr'><strong>Hispaniae</strong></span> <span class='ocrx_word' id='word_1_60' title='bbox 1172 1488 1235 1552; x_wconf 87' lang='lat' dir='ltr'><strong>tria</strong></span> <span class='ocrx_word' id='word_1_61' title='bbox 1255 1483 1356 1550; x_wconf 83' lang='lat' dir='ltr'><strong>millia</strong></span> 
     </span>
    </p>

    <p class='ocr_par' dir='ltr' id='par_1_8' title="bbox 353 1569 1354 1659">
     <span class='ocr_line' id='line_1_10' title="bbox 353 1569 1354 1659; baseline -0.002 -23"><span class='ocrx_word' id='word_1_62' title='bbox 353 1577 360 1591; x_wconf 85' lang='lat'>&#39;</span> <span class='ocrx_word' id='word_1_63' title='bbox 398 1597 430 1637; x_wconf 87' lang='lat' dir='ltr'><strong>m</strong></span> <span class='ocrx_word' id='word_1_64' title='bbox 456 1575 677 1639; x_wconf 77' lang='lat' dir='ltr'><strong>Romanorum</strong></span> <span class='ocrx_word' id='word_1_65' title='bbox 700 1578 930 1652; x_wconf 66' lang='lat' dir='ltr'><strong>scriberentet</strong></span> <span class='ocrx_word' id='word_1_66' title='bbox 951 1576 1106 1640; x_wconf 87' lang='lat' dir='ltr'><strong>ducentos</strong></span> <span class='ocrx_word' id='word_1_67' title='bbox 1124 1574 1258 1659; x_wconf 82' lang='lat' dir='ltr'><strong>equites.</strong></span> <span class='ocrx_word' id='word_1_68' title='bbox 1301 1569 1354 1635; x_wconf 81' lang='lat' dir='ltr'><strong>Ad</strong></span> 
     </span>
    </p>

    <p class='ocr_par' dir='ltr' id='par_1_9' title="bbox 371 1656 1353 1757">
     <span class='ocr_line' id='line_1_11' title="bbox 371 1656 1353 1757; baseline -0.005 -33"><span class='ocrx_word' id='word_1_69' title='bbox 371 1659 458 1724; x_wconf 85' lang='lat' dir='ltr'><strong>mille</strong></span> <span class='ocrx_word' id='word_1_70' title='bbox 472 1672 505 1723; x_wconf 88' lang='lat' dir='ltr'><strong>et</strong></span> <span class='ocrx_word' id='word_1_71' title='bbox 518 1661 687 1747; x_wconf 79' lang='lat' dir='ltr'><strong>quingenti</strong></span> <span class='ocrx_word' id='word_1_72' title='bbox 709 1663 831 1745; x_wconf 87' lang='lat' dir='ltr'><strong>pedites</strong></span> <span class='ocrx_word' id='word_1_73' title='bbox 855 1664 994 1726; x_wconf 88' lang='lat' dir='ltr'><strong>Romani</strong></span> <span class='ocrx_word' id='word_1_74' title='bbox 1008 1682 1082 1725; x_wconf 88' lang='lat' dir='ltr'><strong>oum</strong></span> <span class='ocrx_word' id='word_1_75' title='bbox 1096 1672 1225 1724; x_wconf 76' lang='lat' dir='ltr'><strong>centum</strong></span> <span class='ocrx_word' id='word_1_76' title='bbox 1237 1656 1353 1757; x_wconf 82' lang='lat' dir='ltr'><strong>equiti-</strong></span> 
     </span>
    </p>

    <p class='ocr_par' dir='ltr' id='par_1_10' title="bbox 284 1744 1353 1832">
     <span class='ocr_line' id='line_1_12' title="bbox 284 1744 1353 1832; baseline -0.006 -20"><span class='ocrx_word' id='word_1_77' title='bbox 284 1745 347 1812; x_wconf 84' lang='lat' dir='ltr'><strong>bus</strong></span> <span class='ocrx_word' id='word_1_78' title='bbox 359 1746 455 1811; x_wconf 78' lang='lat' dir='ltr'>scribi</span> <span class='ocrx_word' id='word_1_79' title='bbox 466 1746 563 1830; x_wconf 82' lang='lat' dir='ltr'><strong>jussi3</strong></span> <span class='ocrx_word' id='word_1_80' title='bbox 586 1768 659 1810; x_wconf 89' lang='lat' dir='ltr'><strong>curn</strong></span> <span class='ocrx_word' id='word_1_81' title='bbox 675 1747 791 1832; x_wconf 86' lang='lat' dir='ltr'><strong>quibus</strong></span> <span class='ocrx_word' id='word_1_82' title='bbox 805 1762 936 1829; x_wconf 72' lang='lat' dir='ltr'><strong>praetor,</strong></span> <span class='ocrx_word' id='word_1_83' title='bbox 948 1748 1001 1811; x_wconf 87' lang='lat' dir='ltr'><strong>cui</strong></span> <span class='ocrx_word' id='word_1_84' title='bbox 1017 1746 1165 1811; x_wconf 72' lang='lat' dir='ltr'><strong>Sardinia</strong></span> <span class='ocrx_word' id='word_1_85' title='bbox 1178 1744 1244 1809; x_wconf 85' lang='lat' dir='ltr'><strong>obt’</strong></span> <span class='ocrx_word' id='word_1_86' title='bbox 1280 1752 1353 1817; x_wconf 78' lang='lat' dir='ltr'><strong>sset,</strong></span> 
     </span>
    </p>

    <p class='ocr_par' dir='ltr' id='par_1_11' title="bbox 285 1827 1354 1918">
     <span class='ocr_line' id='line_1_13' title="bbox 285 1827 1354 1918; baseline -0.005 -24"><span class='ocrx_word' id='word_1_87' title='bbox 285 1832 319 1894; x_wconf 92' lang='lat' dir='ltr'><strong>in</strong></span> <span class='ocrx_word' id='word_1_88' title='bbox 340 1832 506 1896; x_wconf 82' lang='lat' dir='ltr'><strong>Corsicam</strong></span> <span class='ocrx_word' id='word_1_89' title='bbox 529 1843 742 1918; x_wconf 76' lang='lat' dir='ltr'><strong>transgressas</strong></span> <span class='ocrx_word' id='word_1_90' title='bbox 764 1831 882 1896; x_wconf 89' lang='lat' dir='ltr'><strong>bellum</strong></span> <span class='ocrx_word' id='word_1_91' title='bbox 904 1843 1044 1916; x_wconf 79' lang='lat' dir='ltr'><strong>gereret3</strong></span> <span class='ocrx_word' id='word_1_92' title='bbox 1067 1832 1193 1896; x_wconf 81' lang='lat' dir='ltr'><strong>interim</strong></span> <span class='ocrx_word' id='word_1_93' title='bbox 1261 1827 1354 1892; x_wconf 78' lang='lat' dir='ltr'><strong>‚Ati-</strong></span> 
     </span>
    </p>

    <p class='ocr_par' dir='ltr' id='par_1_12' title="bbox 285 1913 1355 2002">
     <span class='ocr_line' id='line_1_14' title="bbox 285 1913 1355 2002; baseline -0.002 -23"><span class='ocrx_word' id='word_1_94' title='bbox 285 1915 358 1992; x_wconf 80' lang='lat' dir='ltr'><strong>l‘nts,</strong></span> <span class='ocrx_word' id='word_1_95' title='bbox 375 1930 464 1980; x_wconf 78' lang='lat' dir='ltr'><strong>vetris</strong></span> <span class='ocrx_word' id='word_1_96' title='bbox 482 1930 610 2000; x_wconf 66' lang='lat' dir='ltr'><strong>puriter,</strong></span> <span class='ocrx_word' id='word_1_97' title='bbox 625 1918 823 2002; x_wconf 85' lang='lat' dir='ltr'><strong>provinciam</strong></span> <span class='ocrx_word' id='word_1_98' title='bbox 845 1917 1003 1981; x_wconf 85' lang='lat' dir='ltr'><strong>obtineret</strong></span> <span class='ocrx_word' id='word_1_99' title='bbox 1027 1917 1219 1981; x_wconf 82' lang='lat' dir='ltr'><strong>Sardiniam.</strong></span> <span class='ocrx_word' id='word_1_100' title='bbox 1265 1913 1355 1978; x_wconf 59' lang='lat' dir='ltr'><strong>Proes</strong></span> 
     </span>
    </p>

    <p class='ocr_par' dir='ltr' id='par_1_13' title="bbox 284 2001 1354 2084">
     <span class='ocr_line' id='line_1_15' title="bbox 284 2001 1354 2084; baseline -0.003 -21"><span class='ocrx_word' id='word_1_101' title='bbox 284 2009 371 2063; x_wconf 86' lang='lat' dir='ltr'><strong>tores</strong></span> <span class='ocrx_word' id='word_1_102' title='bbox 384 2001 502 2063; x_wconf 80' lang='lat' dir='ltr'><strong>deinde</strong></span> <span class='ocrx_word' id='word_1_103' title='bbox 514 2003 692 2084; x_wconf 81' lang='lat' dir='ltr'><strong>provincias</strong></span> <span class='ocrx_word' id='word_1_104' title='bbox 705 2003 809 2066; x_wconf 86' lang='lat' dir='ltr'><strong>sortiti</strong></span> <span class='ocrx_word' id='word_1_105' title='bbox 831 2015 916 2078; x_wconf 87' lang='lat' dir='ltr'><strong>sunt,</strong></span> <span class='ocrx_word' id='word_1_106' title='bbox 934 2002 974 2064; x_wconf 82' lang='grc' dir='ltr'><strong>Α.</strong></span> <span class='ocrx_word' id='word_1_107' title='bbox 991 2001 1110 2065; x_wconf 87' lang='lat' dir='ltr'><strong>Atilius</strong></span> <span class='ocrx_word' id='word_1_108' title='bbox 1127 2002 1283 2064; x_wconf 66' lang='lat' dir='ltr'><strong>Seri-am</strong></span> <span class='ocrx_word' id='word_1_109' title='bbox 1298 2019 1354 2060; x_wconf 86' lang='lat' dir='ltr'><strong>ur·</strong></span> 
     </span>
    </p>

    <p class='ocr_par' dir='ltr' id='par_1_14' title="bbox 285 2077 1355 2170">
     <span class='ocr_line' id='line_1_16' title="bbox 285 2077 1355 2170; baseline 0 -23"><span class='ocrx_word' id='word_1_110' title='bbox 285 2083 414 2162; x_wconf 64' lang='lat' dir='ltr'><strong>bunum</strong></span> <span class='ocrx_word' id='word_1_111' title='bbox 443 2084 482 2148; x_wconf 91' lang='lat' dir='ltr'><strong>C.</strong></span> <span class='ocrx_word' id='word_1_112' title='bbox 504 2087 640 2150; x_wconf 80' lang='lat' dir='ltr'><strong>Cluvius</strong></span> <span class='ocrx_word' id='word_1_113' title='bbox 668 2088 789 2152; x_wconf 86' lang='lat' dir='ltr'><strong>Saxula</strong></span> <span class='ocrx_word' id='word_1_114' title='bbox 810 2087 894 2150; x_wconf 82' lang='lat' dir='ltr'><strong>inter</strong></span> <span class='ocrx_word' id='word_1_115' title='bbox 918 2086 1004 2149; x_wconf 77' lang='lat' dir='ltr'><strong>cives</strong></span> <span class='ocrx_word' id='word_1_116' title='bbox 1029 2099 1061 2149; x_wconf 87' lang='lat' dir='ltr'><strong>et</strong></span> <span class='ocrx_word' id='word_1_117' title='bbox 1082 2086 1278 2170; x_wconf 82' lang='lat' dir='ltr'><strong>peregrinos,</strong></span> <span class='ocrx_word' id='word_1_118' title='bbox 1309 2077 1355 2147; x_wconf 92' lang='lat' dir='ltr'><strong>N.</strong></span> 
     </span>
    </p>

    <p class='ocr_par' dir='ltr' id='par_1_15' title="bbox 287 2167 1357 2256">
     <span class='ocr_line' id='line_1_17' title="bbox 287 2167 1357 2256; baseline -0.004 -22"><span class='ocrx_word' id='word_1_119' title='bbox 287 2169 405 2234; x_wconf 81' lang='lat' dir='ltr'><strong>Fabius</strong></span> <span class='ocrx_word' id='word_1_120' title='bbox 429 2171 534 2234; x_wconf 82' lang='lat' dir='ltr'><strong>Buteo</strong></span> <span class='ocrx_word' id='word_1_121' title='bbox 551 2172 743 2256; x_wconf 79' lang='lat' dir='ltr'><strong>Hispaniam</strong></span> <span class='ocrx_word' id='word_1_122' title='bbox 765 2173 955 2247; x_wconf 73' lang='lat' dir='ltr'><strong>citeriorem,</strong></span> <span class='ocrx_word' id='word_1_123' title='bbox 979 2169 1029 2234; x_wconf 80' lang='lat' dir='ltr'><strong>M.</strong></span> <span class='ocrx_word' id='word_1_124' title='bbox 1047 2170 1209 2234; x_wconf 75' lang='lat' dir='ltr'><strong>Matienm</strong></span> <span class='ocrx_word' id='word_1_125' title='bbox 1224 2167 1357 2230; x_wconf 80' lang='lat' dir='ltr'><strong>ulterio-</strong></span> 
     </span>
    </p>
   </div>
   <div class='ocr_carea' id='block_1_4' title="bbox 285 2251 1355 2343">
    <p class='ocr_par' dir='ltr' id='par_1_16' title="bbox 285 2251 1355 2343">
     <span class='ocr_line' id='line_1_18' title="bbox 285 2251 1355 2343; baseline -0.004 -25"><span class='ocrx_word' id='word_1_126' title='bbox 285 2272 365 2334; x_wconf 75' lang='lat' dir='ltr'><strong>rem,</strong></span> <span class='ocrx_word' id='word_1_127' title='bbox 383 2256 432 2320; x_wconf 89' lang='lat' dir='ltr'><strong>M.</strong></span> <span class='ocrx_word' id='word_1_128' title='bbox 451 2257 566 2320; x_wconf 86' lang='lat' dir='ltr'><strong>Furius</strong></span> <span class='ocrx_word' id='word_1_129' title='bbox 580 2259 742 2343; x_wconf 86' lang='lat' dir='ltr'><strong>Crassipes</strong></span> <span class='ocrx_word' id='word_1_130' title='bbox 759 2258 908 2333; x_wconf 71' lang='lat' dir='ltr'><strong>Siciliam,</strong></span> <span class='ocrx_word' id='word_1_131' title='bbox 923 2257 960 2319; x_wconf 71' lang='lat' dir='ltr'>G</span> <span class='ocrx_word' id='word_1_132' title='bbox 977 2257 1140 2320; x_wconf 80' lang='lat' dir='ltr'><strong>Cicereius</strong></span> <span class='ocrx_word' id='word_1_133' title='bbox 1162 2251 1355 2329; x_wconf 62' lang='lat' dir='ltr'><strong>Sardiuitm</strong></span> 
     </span>
    </p>
   </div>
   <div class='ocr_carea' id='block_1_5' title="bbox 286 2337 1355 2491">
    <p class='ocr_par' dir='ltr' id='par_1_17' title="bbox 286 2337 1355 2491">
     <span class='ocr_line' id='line_1_19' title="bbox 286 2337 1355 2491; baseline 0 -86"><span class='ocrx_word' id='word_1_134' title='bbox 286 2339 476 2428; x_wconf 78' lang='lat' dir='ltr'><strong>Priusquam</strong></span> <span class='ocrx_word' id='word_1_135' title='bbox 500 2344 704 2430; x_wconf 80' lang='lat' dir='ltr'><strong>magistratus</strong></span> <span class='ocrx_word' id='word_1_136' title='bbox 715 2342 1013 2491; x_wconf 74' lang='lat' dir='ltr'><strong>proficiscerentur,</strong></span> <span class='ocrx_word' id='word_1_137' title='bbox 1029 2341 1153 2406; x_wconf 85' lang='lat' dir='ltr'><strong>senatui</strong></span> <span class='ocrx_word' id='word_1_138' title='bbox 1168 2338 1299 2424; x_wconf 79' lang='lat' dir='ltr'><strong>placuit,</strong></span> <span class='ocrx_word' id='word_1_139' title='bbox 1314 2337 1355 2406; x_wconf 87' lang='lat' dir='ltr'><strong>L.</strong></span> 
     </span>
    </p>
   </div>
   <div class='ocr_carea' id='block_1_6' title="bbox 128 2424 1444 3289">
    <p class='ocr_par' dir='ltr' id='par_1_18' title="bbox 128 2424 1444 3289">
     <span class='ocr_line' id='line_1_20' title="bbox 286 2424 1355 2514; baseline -0.006 -24"><span class='ocrx_word' id='word_1_140' title='bbox 286 2425 488 2491; x_wconf 86' lang='lat' dir='ltr'><strong>Postumium</strong></span> <span class='ocrx_word' id='word_1_141' title='bbox 507 2428 669 2493; x_wconf 84' lang='lat' dir='ltr'><strong>consulem</strong></span> <span class='ocrx_word' id='word_1_142' title='bbox 695 2452 713 2492; x_wconf 91' lang='lat' dir='ltr'><strong>a</strong></span> <span class='ocrx_word' id='word_1_143' title='bbox 760 2449 872 2514; x_wconf 83' lang='lat' dir='ltr'><strong>agrum</strong></span> <span class='ocrx_word' id='word_1_144' title='bbox 895 2427 1058 2510; x_wconf 91' lang='lat' dir='ltr'><strong>publicum</strong></span> <span class='ocrx_word' id='word_1_145' title='bbox 1073 2450 1093 2490; x_wconf 90' lang='lat' dir='ltr'><strong>a</strong></span> <span class='ocrx_word' id='word_1_146' title='bbox 1107 2427 1233 2510; x_wconf 86' lang='lat' dir='ltr'><strong>privato</strong></span> <span class='ocrx_word' id='word_1_147' title='bbox 1246 2424 1355 2487; x_wconf 85' lang='lat' dir='ltr'><strong>termi-</strong></span> 
     </span>
     <span class='ocr_line' id='line_1_21' title="bbox 285 2507 1355 2597; baseline -0.006 -22"><span class='ocrx_word' id='word_1_148' title='bbox 285 2514 427 2576; x_wconf 85' lang='lat' dir='ltr'><strong>nandum</strong></span> <span class='ocrx_word' id='word_1_149' title='bbox 443 2511 475 2575; x_wconf 90' lang='lat' dir='ltr'><strong>in</strong></span> <span class='ocrx_word' id='word_1_150' title='bbox 492 2513 701 2597; x_wconf 84' lang='lat' dir='ltr'><strong>Campaniam</strong></span> <span class='ocrx_word' id='word_1_151' title='bbox 722 2513 789 2591; x_wconf 81' lang='lat' dir='ltr'><strong>ire3</strong></span> <span class='ocrx_word' id='word_1_152' title='bbox 812 2514 903 2597; x_wconf 86' lang='lat' dir='ltr'><strong>cujus</strong></span> <span class='ocrx_word' id='word_1_153' title='bbox 925 2511 957 2573; x_wconf 90' lang='lat' dir='ltr'><strong>in</strong></span> <span class='ocrx_word' id='word_1_154' title='bbox 1001 2525 1087 2575; x_wconf 86' lang='lat' dir='ltr'><strong>ntem</strong></span> <span class='ocrx_word' id='word_1_155' title='bbox 1108 2509 1239 2573; x_wconf 83' lang='lat' dir='ltr'><strong>mndtrm</strong></span> <span class='ocrx_word' id='word_1_156' title='bbox 1254 2507 1355 2592; x_wconf 70' lang='lat' dir='ltr'><strong>pooei·</strong></span> 
     </span>
     <span class='ocr_line' id='line_1_22' title="bbox 286 2593 1352 2678; baseline -0.004 -20"><span class='ocrx_word' id='word_1_157' title='bbox 286 2594 363 2658; x_wconf 86' lang='lat' dir='ltr'><strong>dere</strong></span> <span class='ocrx_word' id='word_1_158' title='bbox 389 2598 537 2678; x_wconf 84' lang='lat' dir='ltr'><strong>privatos,</strong></span> <span class='ocrx_word' id='word_1_159' title='bbox 552 2599 717 2677; x_wconf 79' lang='lat' dir='ltr'><strong>paullatim</strong></span> <span class='ocrx_word' id='word_1_160' title='bbox 740 2596 929 2677; x_wconf 75' lang='lat' dir='ltr'><strong>proterendo</strong></span> <span class='ocrx_word' id='word_1_161' title='bbox 976 2618 1040 2673; x_wconf 89' lang='lat' dir='ltr'><strong>nes,</strong></span> <span class='ocrx_word' id='word_1_162' title='bbox 1057 2595 1230 2661; x_wconf 82' lang='lat' dir='ltr'><strong>constabat.</strong></span> <span class='ocrx_word' id='word_1_163' title='bbox 1276 2593 1352 2670; x_wconf 86' lang='lat' dir='ltr'><strong>Hic,</strong></span> 
     </span>
     <span class='ocr_line' id='line_1_23' title="bbox 286 2676 1444 2761; baseline -0.003 -19"><span class='ocrx_word' id='word_1_164' title='bbox 286 2676 386 2742; x_wconf 78' lang='lat' dir='ltr'><strong>iratus</strong></span> <span class='ocrx_word' id='word_1_165' title='bbox 404 2679 617 2754; x_wconf 75' lang='lat' dir='ltr'><strong>Praenestinis,</strong></span> <span class='ocrx_word' id='word_1_166' title='bbox 656 2679 730 2753; x_wconf 88' lang='lat' dir='ltr'><strong>uad,</strong></span> <span class='ocrx_word' id='word_1_167' title='bbox 747 2700 819 2741; x_wconf 90' lang='lat' dir='ltr'><strong>cum</strong></span> <span class='ocrx_word' id='word_1_168' title='bbox 838 2695 881 2742; x_wconf 84' lang='lat' dir='ltr'><strong>&#39;eo</strong></span> <span class='ocrx_word' id='word_1_169' title='bbox 902 2680 1043 2761; x_wconf 80' lang='lat' dir='ltr'><strong>privatus</strong></span> <span class='ocrx_word' id='word_1_170' title='bbox 1056 2680 1201 2746; x_wconf 82' lang='lat' dir='ltr'><strong>sacrificii</strong></span> <span class='ocrx_word' id='word_1_171' title='bbox 1223 2679 1256 2740; x_wconf 89' lang='lat' dir='ltr'><strong>in</strong></span> <span class='ocrx_word' id='word_1_172' title='bbox 1273 2689 1354 2741; x_wconf 86' lang='lat' dir='ltr'><strong>tam·</strong></span> <span class='ocrx_word' id='word_1_173' title='bbox 1432 2693 1444 2718; x_wconf 67' lang='lat'>⁸</span> 
     </span>
     <span class='ocr_line' id='line_1_24' title="bbox 286 2702 1354 2848; baseline 0.003 -25"><span class='ocrx_word' id='word_1_174' title='bbox 286 2761 342 2848; x_wconf 88' lang='lat' dir='ltr'><strong>plo</strong></span> <span class='ocrx_word' id='word_1_175' title='bbox 360 2762 512 2826; x_wconf 78' lang='lat' dir='ltr'><strong>Fortunae</strong></span> <span class='ocrx_word' id='word_1_176' title='bbox 527 2702 666 2827; x_wconf 55' lang='lat' dir='ltr'><strong>iuciunii</strong></span> <span class='ocrx_word' id='word_1_177' title='bbox 680 2785 792 2826; x_wconf 87' lang='lat' dir='ltr'><strong>caussa</strong></span> <span class='ocrx_word' id='word_1_178' title='bbox 812 2763 971 2847; x_wconf 74' lang='lat' dir='ltr'><strong>profectus</strong></span> <span class='ocrx_word' id='word_1_179' title='bbox 985 2775 1074 2842; x_wconf 85' lang='lat' dir='ltr'><strong>esset,</strong></span> <span class='ocrx_word' id='word_1_180' title='bbox 1090 2767 1169 2830; x_wconf 91' lang='lat' dir='ltr'><strong>nihil</strong></span> <span class='ocrx_word' id='word_1_181' title='bbox 1184 2767 1217 2828; x_wconf 91' lang='lat' dir='ltr'><strong>in</strong></span> <span class='ocrx_word' id='word_1_182' title='bbox 1239 2783 1273 2826; x_wconf 85' lang='lat' dir='ltr'><strong>se</strong></span> <span class='ocrx_word' id='word_1_183' title='bbox 1293 2761 1354 2826; x_wconf 84' lang='lat' dir='ltr'><strong>ho-</strong></span> 
     </span>
     <span class='ocr_line' id='line_1_25' title="bbox 287 2845 1354 2933; baseline -0.001 -21"><span class='ocrx_word' id='word_1_184' title='bbox 287 2845 432 2928; x_wconf 85' lang='lat' dir='ltr'><strong>norifice,</strong></span> <span class='ocrx_word' id='word_1_185' title='bbox 448 2869 550 2932; x_wconf 89' lang='lat' dir='ltr'><strong>neque</strong></span> <span class='ocrx_word' id='word_1_186' title='bbox 565 2848 701 2932; x_wconf 88' lang='lat' dir='ltr'><strong>publice,</strong></span> <span class='ocrx_word' id='word_1_187' title='bbox 718 2870 821 2932; x_wconf 83' lang='lat' dir='ltr'><strong>neque</strong></span> <span class='ocrx_word' id='word_1_188' title='bbox 844 2849 1004 2933; x_wconf 87' lang='lat' dir='ltr'><strong>privatim,</strong></span> <span class='ocrx_word' id='word_1_189' title='bbox 1019 2852 1138 2916; x_wconf 84' lang='lat' dir='ltr'><strong>factum</strong></span> <span class='ocrx_word' id='word_1_190' title='bbox 1164 2874 1185 2915; x_wconf 88' lang='lat' dir='ltr'><strong>a</strong></span> <span class='ocrx_word' id='word_1_191' title='bbox 1209 2849 1354 2913; x_wconf 82' lang='lat' dir='ltr'><strong>Praenes-</strong></span> 
     </span>
     <span class='ocr_line' id='line_1_26' title="bbox 287 2933 1354 3020; baseline 0.002 -24"><span class='ocrx_word' id='word_1_192' title='bbox 287 2933 363 2996; x_wconf 90' lang='lat' dir='ltr'><strong>tinis</strong></span> <span class='ocrx_word' id='word_1_193' title='bbox 377 2945 468 3010; x_wconf 81' lang='lat' dir='ltr'><strong>assat,</strong></span> <span class='ocrx_word' id='word_1_194' title='bbox 485 2935 668 3020; x_wconf 85' lang='lat' dir='ltr'><strong>priusquam</strong></span> <span class='ocrx_word' id='word_1_195' title='bbox 684 2935 725 2997; x_wconf 80' lang='lat' dir='ltr'><strong>ab</strong></span> <span class='ocrx_word' id='word_1_196' title='bbox 741 2935 846 2998; x_wconf 88' lang='lat' dir='ltr'><strong>Romu</strong></span> <span class='ocrx_word' id='word_1_197' title='bbox 865 2936 1128 3020; x_wconf 82' lang='lat' dir='ltr'><strong>proficisceretur,</strong></span> <span class='ocrx_word' id='word_1_198' title='bbox 1143 2937 1249 3001; x_wconf 88' lang='lat' dir='ltr'><strong>literas</strong></span> <span class='ocrx_word' id='word_1_199' title='bbox 1265 2933 1354 3000; x_wconf 75' lang='lat' dir='ltr'><strong>Pra-</strong></span> 
     </span>
     <span class='ocr_line' id='line_1_27' title="bbox 287 3020 1355 3107; baseline 0 -25"><span class='ocrx_word' id='word_1_200' title='bbox 287 3033 376 3084; x_wconf 86' lang='lat' dir='ltr'><strong>neste</strong></span> <span class='ocrx_word' id='word_1_201' title='bbox 402 3021 496 3096; x_wconf 86' lang='lat' dir='ltr'><strong>misit,</strong></span> <span class='ocrx_word' id='word_1_202' title='bbox 513 3031 549 3082; x_wconf 93' lang='lat' dir='ltr'><strong>ut</strong></span> <span class='ocrx_word' id='word_1_203' title='bbox 572 3022 632 3083; x_wconf 87' lang='lat' dir='ltr'><strong>sibi</strong></span> <span class='ocrx_word' id='word_1_204' title='bbox 656 3021 855 3107; x_wconf 80' lang='lat' dir='ltr'><strong>magistratus</strong></span> <span class='ocrx_word' id='word_1_205' title='bbox 869 3020 995 3085; x_wconf 84' lang='lat' dir='ltr'><strong>obviarn</strong></span> <span class='ocrx_word' id='word_1_206' title='bbox 1017 3026 1130 3098; x_wconf 81' lang='lat' dir='ltr'><strong>exiret,</strong></span> <span class='ocrx_word' id='word_1_207' title='bbox 1146 3021 1253 3085; x_wconf 87' lang='lat' dir='ltr'><strong>locum</strong></span> <span class='ocrx_word' id='word_1_208' title='bbox 1274 3022 1355 3102; x_wconf 60' lang='lat' dir='ltr'><strong>pul»</strong></span> 
     </span>
     <span class='ocr_line' id='line_1_28' title="bbox 288 3103 1353 3193; baseline 0 -25"><span class='ocrx_word' id='word_1_209' title='bbox 288 3103 349 3168; x_wconf 87' lang='lat' dir='ltr'><strong>lice</strong></span> <span class='ocrx_word' id='word_1_210' title='bbox 364 3119 500 3188; x_wconf 88' lang='lat' dir='ltr'><strong>pararet,</strong></span> <span class='ocrx_word' id='word_1_211' title='bbox 513 3105 567 3168; x_wconf 90' lang='lat' dir='ltr'><strong>ubi</strong></span> <span class='ocrx_word' id='word_1_212' title='bbox 584 3106 799 3183; x_wconf 84' lang='lat' dir='ltr'><strong>diverteretur,</strong></span> <span class='ocrx_word' id='word_1_213' title='bbox 808 3108 1025 3192; x_wconf 88' lang='lat' dir='ltr'><strong>jumentaque,</strong></span> <span class='ocrx_word' id='word_1_214' title='bbox 1039 3130 1137 3193; x_wconf 89' lang='lat' dir='ltr'><strong>quum</strong></span> <span class='ocrx_word' id='word_1_215' title='bbox 1152 3106 1254 3170; x_wconf 84' lang='lat' dir='ltr'><strong>exiret</strong></span> <span class='ocrx_word' id='word_1_216' title='bbox 1268 3104 1353 3182; x_wconf 87' lang='lat' dir='ltr'><strong>inde,</strong></span> 
     </span>
     <span class='ocr_line' id='line_1_29' title="bbox 128 3190 1355 3289; baseline -0.001 -34"><span class='ocrx_word' id='word_1_217' title='bbox 128 3209 257 3270; x_wconf 58' lang='lat' dir='ltr'><strong>ltinsue-</strong></span> <span class='ocrx_word' id='word_1_218' title='bbox 289 3202 408 3289; x_wconf 74' lang='lat' dir='ltr'><strong>praesto</strong></span> <span class='ocrx_word' id='word_1_219' title='bbox 423 3203 535 3256; x_wconf 83' lang='lat' dir='ltr'><strong>essent.</strong></span> <span class='ocrx_word' id='word_1_220' title='bbox 580 3195 663 3255; x_wconf 85' lang='lat' dir='ltr'><strong>Ante</strong></span> <span class='ocrx_word' id='word_1_221' title='bbox 678 3193 763 3255; x_wconf 88' lang='lat' dir='ltr'><strong>huuc</strong></span> <span class='ocrx_word' id='word_1_222' title='bbox 782 3192 955 3269; x_wconf 89' lang='lat' dir='ltr'><strong>consulem,</strong></span> <span class='ocrx_word' id='word_1_223' title='bbox 970 3215 1066 3257; x_wconf 86' lang='lat' dir='ltr'><strong>nemo</strong></span> <span class='ocrx_word' id='word_1_224' title='bbox 1088 3215 1239 3278; x_wconf 81' lang='lat' dir='ltr'><strong>umquam</strong></span> <span class='ocrx_word' id='word_1_225' title='bbox 1261 3190 1355 3255; x_wconf 81' lang='lat' dir='ltr'><strong>sociis</strong></span> 
     </span>
    </p>
   </div>
   <div class='ocr_carea' id='block_1_7' title="bbox 127 3271 1455 3361">
    <p class='ocr_par' dir='ltr' id='par_1_19' title="bbox 127 3271 1455 3361">
     <span class='ocr_line' id='line_1_30' title="bbox 127 3271 1455 3361; baseline 0.002 -24"><span class='ocrx_word' id='word_1_226' title='bbox 127 3271 322 3338; x_wconf 66' lang='lat' dir='ltr'><strong>mamaeam</strong></span> <span class='ocrx_word' id='word_1_227' title='bbox 336 3275 404 3338; x_wconf 91' lang='lat' dir='ltr'><strong>ulla</strong></span> <span class='ocrx_word' id='word_1_228' title='bbox 420 3298 454 3339; x_wconf 90' lang='lat' dir='ltr'><strong>re</strong></span> <span class='ocrx_word' id='word_1_229' title='bbox 468 3278 558 3340; x_wconf 88' lang='lat' dir='ltr'><strong>oneri</strong></span> <span class='ocrx_word' id='word_1_230' title='bbox 577 3289 633 3340; x_wconf 87' lang='lat' dir='ltr'><strong>aut</strong></span> <span class='ocrx_word' id='word_1_231' title='bbox 648 3279 765 3341; x_wconf 89' lang='lat' dir='ltr'><strong>sumtui</strong></span> <span class='ocrx_word' id='word_1_232' title='bbox 782 3280 851 3342; x_wconf 80' lang='lat' dir='ltr'><strong>tuit.</strong></span> <span class='ocrx_word' id='word_1_233' title='bbox 874 3278 946 3343; x_wconf 85' lang='lat' dir='ltr'><strong>idco</strong></span> <span class='ocrx_word' id='word_1_234' title='bbox 967 3280 1168 3361; x_wconf 77' lang='lat' dir='ltr'><strong>magistratus</strong></span> <span class='ocrx_word' id='word_1_235' title='bbox 1190 3277 1283 3341; x_wconf 85' lang='lat' dir='ltr'><strong>taulis</strong></span> <span class='ocrx_word' id='word_1_236' title='bbox 1304 3289 1353 3340; x_wconf 87' lang='lat' dir='ltr'><strong>ts·</strong></span> <span class='ocrx_word' id='word_1_237' title='bbox 1450 3322 1455 3348; x_wconf 67' lang='lat'><strong>,</strong></span> 
     </span>
    </p>
   </div>
   <div class='ocr_carea' id='block_1_8' title="bbox 128 3338 1418 4053">
    <p class='ocr_par' dir='ltr' id='par_1_20' title="bbox 128 3338 1418 4053">
     <span class='ocr_line' id='line_1_31' title="bbox 128 3338 1418 3448; baseline 0.002 -25"><span class='ocrx_word' id='word_1_238' title='bbox 128 3338 271 3448; x_wconf 42' lang='lat'>&amp;⁰²⁰⁸</span> <span class='ocrx_word' id='word_1_239' title='bbox 290 3360 532 3448; x_wconf 87' lang='lat' dir='ltr'><strong>bernaculisque</strong></span> <span class='ocrx_word' id='word_1_240' title='bbox 545 3376 577 3425; x_wconf 86' lang='lat' dir='ltr'><strong>et</strong></span> <span class='ocrx_word' id='word_1_241' title='bbox 591 3366 679 3426; x_wconf 92' lang='lat' dir='ltr'><strong>omni</strong></span> <span class='ocrx_word' id='word_1_242' title='bbox 699 3362 762 3425; x_wconf 90' lang='lat' dir='ltr'><strong>alio</strong></span> <span class='ocrx_word' id='word_1_243' title='bbox 777 3364 987 3428; x_wconf 87' lang='lat' dir='ltr'><strong>instrumento</strong></span> <span class='ocrx_word' id='word_1_244' title='bbox 1000 3363 1129 3428; x_wconf 88' lang='lat' dir='ltr'><strong>militari</strong></span> <span class='ocrx_word' id='word_1_245' title='bbox 1144 3361 1351 3439; x_wconf 89' lang='lat' dir='ltr'><strong>ornabantur,</strong></span> <span class='ocrx_word' id='word_1_246' title='bbox 1412 3387 1418 3404; x_wconf 58' lang='lat'>⁵</span> 
     </span>
     <span class='ocr_line' id='line_1_32' title="bbox 290 3447 1355 3535; baseline 0.003 -26"><span class='ocrx_word' id='word_1_247' title='bbox 290 3468 330 3509; x_wconf 88' lang='lat' dir='ltr'><strong>ne</strong></span> <span class='ocrx_word' id='word_1_248' title='bbox 352 3447 428 3532; x_wconf 82' lang='lat' dir='ltr'><strong>quid</strong></span> <span class='ocrx_word' id='word_1_249' title='bbox 452 3453 513 3511; x_wconf 89' lang='lat' dir='ltr'><strong>tale</strong></span> <span class='ocrx_word' id='word_1_250' title='bbox 535 3449 727 3532; x_wconf 87' lang='lat' dir='ltr'><strong>imperarent</strong></span> <span class='ocrx_word' id='word_1_251' title='bbox 749 3450 851 3513; x_wconf 87' lang='lat' dir='ltr'><strong>sociis.</strong></span> <span class='ocrx_word' id='word_1_252' title='bbox 874 3450 993 3534; x_wconf 88' lang='lat' dir='ltr'><strong>privata</strong></span> <span class='ocrx_word' id='word_1_253' title='bbox 1017 3450 1153 3535; x_wconf 86' lang='lat' dir='ltr'><strong>hospitia</strong></span> <span class='ocrx_word' id='word_1_254' title='bbox 1173 3447 1355 3524; x_wconf 76' lang='lat' dir='ltr'><strong>habebant3</strong></span> 
     </span>
     <span class='ocr_line' id='line_1_33' title="bbox 290 3532 1353 3621; baseline 0.002 -25"><span class='ocrx_word' id='word_1_255' title='bbox 290 3554 328 3596; x_wconf 78' lang='lat' dir='ltr'><strong>aa</strong></span> <span class='ocrx_word' id='word_1_256' title='bbox 350 3532 486 3619; x_wconf 84' lang='lat' dir='ltr'><strong>benigne</strong></span> <span class='ocrx_word' id='word_1_257' title='bbox 507 3535 702 3619; x_wconf 83' lang='lat' dir='ltr'><strong>comiterque</strong></span> <span class='ocrx_word' id='word_1_258' title='bbox 723 3534 886 3599; x_wconf 86' lang='lat' dir='ltr'><strong>colebant:</strong></span> <span class='ocrx_word' id='word_1_259' title='bbox 910 3534 1088 3621; x_wconf 88' lang='lat' dir='ltr'><strong>domusque</strong></span> <span class='ocrx_word' id='word_1_260' title='bbox 1109 3558 1220 3600; x_wconf 89' lang='lat' dir='ltr'><strong>eorum</strong></span> <span class='ocrx_word' id='word_1_261' title='bbox 1237 3536 1353 3600; x_wconf 84' lang='lat' dir='ltr'><strong>Romoe</strong></span> 
     </span>
     <span class='ocr_line' id='line_1_34' title="bbox 290 3617 1352 3708; baseline 0.004 -28"><span class='ocrx_word' id='word_1_262' title='bbox 290 3617 466 3703; x_wconf 81' lang='lat' dir='ltr'><strong>hospitibus</strong></span> <span class='ocrx_word' id='word_1_263' title='bbox 493 3621 653 3702; x_wconf 87' lang='lat' dir='ltr'><strong>patebant,</strong></span> <span class='ocrx_word' id='word_1_264' title='bbox 685 3620 770 3704; x_wconf 90' lang='lat' dir='ltr'><strong>apud</strong></span> <span class='ocrx_word' id='word_1_265' title='bbox 802 3643 882 3708; x_wconf 90' lang='lat' dir='ltr'><strong>quos</strong></span> <span class='ocrx_word' id='word_1_266' title='bbox 912 3620 987 3705; x_wconf 86' lang='lat' dir='ltr'><strong>ipsis</strong></span> <span class='ocrx_word' id='word_1_267' title='bbox 1018 3621 1132 3686; x_wconf 86' lang='lat' dir='ltr'><strong>diverti</strong></span> <span class='ocrx_word' id='word_1_268' title='bbox 1165 3643 1234 3684; x_wconf 87' lang='lat' dir='ltr'><strong>mos</strong></span> <span class='ocrx_word' id='word_1_269' title='bbox 1262 3632 1352 3685; x_wconf 83' lang='lat' dir='ltr'><strong>esset.</strong></span> 
     </span>
     <span class='ocr_line' id='line_1_35' title="bbox 290 3701 1353 3794; baseline -0.002 -25"><span class='ocrx_word' id='word_1_270' title='bbox 290 3701 414 3791; x_wconf 63' lang='lat' dir='ltr'><strong>legati,</strong></span> <span class='ocrx_word' id='word_1_271' title='bbox 430 3706 484 3790; x_wconf 91' lang='lat' dir='ltr'><strong>qui</strong></span> <span class='ocrx_word' id='word_1_272' title='bbox 499 3719 628 3790; x_wconf 83' lang='lat' dir='ltr'><strong>repente</strong></span> <span class='ocrx_word' id='word_1_273' title='bbox 642 3706 683 3769; x_wconf 88' lang='lat' dir='ltr'><strong>ali</strong></span> <span class='ocrx_word' id='word_1_274' title='bbox 706 3729 749 3770; x_wconf 92' lang='lat' dir='ltr'><strong>uo</strong></span> <span class='ocrx_word' id='word_1_275' title='bbox 769 3708 978 3785; x_wconf 87' lang='lat' dir='ltr'><strong>mitterentur,</strong></span> <span class='ocrx_word' id='word_1_276' title='bbox 995 3707 1120 3794; x_wconf 82' lang='lat' dir='ltr'><strong>singula</strong></span> <span class='ocrx_word' id='word_1_277' title='bbox 1132 3708 1280 3792; x_wconf 88' lang='lat' dir='ltr'><strong>jumenta</strong></span> <span class='ocrx_word' id='word_1_278' title='bbox 1293 3727 1353 3791; x_wconf 87' lang='lat' dir='ltr'><strong>per</strong></span> 
     </span>
     <span class='ocr_line' id='line_1_36' title="bbox 289 3729 1351 3878; baseline 0.002 -26"><span class='ocrx_word' id='word_1_279' title='bbox 289 3789 418 3874; x_wconf 89' lang='lat' dir='ltr'><strong>oppida,</strong></span> <span class='ocrx_word' id='word_1_280' title='bbox 431 3791 489 3855; x_wconf 90' lang='lat' dir='ltr'><strong>iter</strong></span> <span class='ocrx_word' id='word_1_281' title='bbox 503 3813 567 3877; x_wconf 90' lang='lat' dir='ltr'><strong>qua</strong></span> <span class='ocrx_word' id='word_1_282' title='bbox 576 3729 783 3855; x_wconf 70' lang='lat' dir='ltr'><strong>faciunlumb</strong></span> <span class='ocrx_word' id='word_1_283' title='bbox 797 3805 875 3873; x_wconf 87' lang='lat' dir='ltr'><strong>erat,</strong></span> <span class='ocrx_word' id='word_1_284' title='bbox 888 3793 1102 3878; x_wconf 86' lang='lat' dir='ltr'><strong>imperabant:</strong></span> <span class='ocrx_word' id='word_1_285' title='bbox 1126 3793 1221 3857; x_wconf 87' lang='lat' dir='ltr'><strong>aliam</strong></span> <span class='ocrx_word' id='word_1_286' title='bbox 1235 3791 1351 3876; x_wconf 88' lang='lat' dir='ltr'><strong>inpen-</strong></span> 
     </span>
     <span class='ocr_line' id='line_1_37' title="bbox 288 3876 1353 3978; baseline 0.002 -38"><span class='ocrx_word' id='word_1_287' title='bbox 288 3897 355 3941; x_wconf 85' lang='lat' dir='ltr'><strong>sam</strong></span> <span class='ocrx_word' id='word_1_288' title='bbox 370 3876 448 3940; x_wconf 85' lang='lat' dir='ltr'><strong>socii</strong></span> <span class='ocrx_word' id='word_1_289' title='bbox 462 3876 495 3939; x_wconf 91' lang='lat' dir='ltr'><strong>in</strong></span> <span class='ocrx_word' id='word_1_290' title='bbox 511 3878 710 3978; x_wconf 67' lang='lat' dir='ltr'><strong>magistratus</strong></span> <span class='ocrx_word' id='word_1_291' title='bbox 728 3878 891 3942; x_wconf 84' lang='lat' dir='ltr'><strong>Romanos</strong></span> <span class='ocrx_word' id='word_1_292' title='bbox 913 3900 978 3941; x_wconf 89' lang='lat' dir='ltr'><strong>nun</strong></span> <span class='ocrx_word' id='word_1_293' title='bbox 1001 3879 1165 3945; x_wconf 83' lang='lat' dir='ltr'><strong>faciebant.</strong></span> <span class='ocrx_word' id='word_1_294' title='bbox 1211 3877 1353 3962; x_wconf 87' lang='lat' dir='ltr'><strong>&#39;lnjuria</strong></span> 
     </span>
     <span class='ocr_line' id='line_1_38' title="bbox 288 3961 1351 4053; baseline 0 -26"><span class='ocrx_word' id='word_1_295' title='bbox 288 3961 436 4039; x_wconf 87' lang='lat' dir='ltr'><strong>consulis,</strong></span> <span class='ocrx_word' id='word_1_296' title='bbox 453 3962 576 4027; x_wconf 80' lang='lat' dir='ltr'><strong>etiamsi</strong></span> <span class='ocrx_word' id='word_1_297' title='bbox 589 3963 684 4047; x_wconf 85' lang='lat' dir='ltr'><strong>justa,</strong></span> <span class='ocrx_word' id='word_1_298' title='bbox 701 3976 888 4028; x_wconf 87' lang='lat' dir='ltr'><strong>nontamen</strong></span> <span class='ocrx_word' id='word_1_299' title='bbox 909 3964 942 4028; x_wconf 91' lang='lat' dir='ltr'><strong>in</strong></span> <span class='ocrx_word' id='word_1_300' title='bbox 965 3966 1149 4053; x_wconf 79' lang='lat' dir='ltr'><strong>magistratu</strong></span> <span class='ocrx_word' id='word_1_301' title='bbox 1164 3962 1351 4041; x_wconf 85' lang='lat' dir='ltr'><strong>exercenda,</strong></span> 
     </span>
    </p>
   </div>
   <div class='ocr_carea' id='block_1_9' title="bbox 511 4096 1125 4174">
    <p class='ocr_par' dir='ltr' id='par_1_21' title="bbox 511 4096 1125 4174">
     <span class='ocr_line' id='line_1_39' title="bbox 511 4096 1125 4174; baseline 0.007 -31"><span class='ocrx_word' id='word_1_302' title='bbox 511 4101 525 4130; x_wconf 79' lang='lat'>⁸</span> <span class='ocrx_word' id='word_1_303' title='bbox 534 4100 648 4144; x_wconf 69' lang='lat' dir='ltr'><strong>moratas</strong></span> <span class='ocrx_word' id='word_1_304' title='bbox 658 4096 732 4142; x_wconf 86' lang='lat' dir='ltr'><strong>Gran.</strong></span> <span class='ocrx_word' id='word_1_305' title='bbox 745 4097 814 4143; x_wconf 72' lang='lat' dir='ltr'><strong>ctev.</strong></span> <span class='ocrx_word' id='word_1_306' title='bbox 890 4096 1045 4174; x_wconf 64' lang='lat' dir='ltr'><strong>bfedeniam</strong></span> <span class='ocrx_word' id='word_1_307' title='bbox 1055 4102 1125 4149; x_wconf 75' lang='lat' dir='ltr'><strong>Cret.</strong></span> 
     </span>
    </p>
   </div>
   <div class='ocr_carea' id='block_1_10' title="bbox 288 4237 1353 4358">
    <p class='ocr_par' dir='ltr' id='par_1_22' title="bbox 288 4237 1353 4358">
     <span class='ocr_line' id='line_1_40' title="bbox 322 4237 1353 4306; baseline 0.008 -23"><span class='ocrx_word' id='word_1_308' title='bbox 322 4237 803 4301; x_wconf 60' lang='lat' dir='ltr'><strong>trajectamtamttamljuualMa·</strong></span> <span class='ocrx_word' id='word_1_309' title='bbox 835 4241 923 4301; x_wconf 60' lang='lat' dir='ltr'><strong>inians</strong></span> <span class='ocrx_word' id='word_1_310' title='bbox 938 4243 1026 4306; x_wconf 67' lang='lat' dir='ltr'><strong>jacta?</strong></span> <span class='ocrx_word' id='word_1_311' title='bbox 1055 4243 1194 4292; x_wconf 77' lang='lat' dir='ltr'><strong>Emendant</strong></span> <span class='ocrx_word' id='word_1_312' title='bbox 1215 4243 1270 4290; x_wconf 76' lang='lat' dir='ltr'><strong>ltus</strong></span> <span class='ocrx_word' id='word_1_313' title='bbox 1287 4243 1353 4291; x_wconf 85' lang='lat' dir='ltr'><strong>bona</strong></span> 
     </span>
     <span class='ocr_line' id='line_1_41' title="bbox 288 4300 915 4358; baseline 0.006 -10"><span class='ocrx_word' id='word_1_314' title='bbox 288 4300 406 4348; x_wconf 59' lang='lat' dir='ltr'><strong>marm</strong></span> <span class='ocrx_word' id='word_1_315' title='bbox 427 4306 553 4352; x_wconf 69' lang='lat' dir='ltr'><strong>mondum</strong></span> <span class='ocrx_word' id='word_1_316' title='bbox 595 4304 661 4358; x_wconf 78' lang='lat' dir='ltr'><strong>Quid</strong></span> <span class='ocrx_word' id='word_1_317' title='bbox 678 4311 716 4350; x_wconf 83' lang='lat' dir='ltr'><strong>est</strong></span> <span class='ocrx_word' id='word_1_318' title='bbox 736 4305 803 4351; x_wconf 81' lang='lat' dir='ltr'><strong>enim</strong></span> <span class='ocrx_word' id='word_1_319' title='bbox 834 4317 915 4352; x_wconf 77' lang='lat' dir='ltr'><strong>senna</strong></span> 
     </span>
    </p>
   </div>
   <div class='ocr_carea' id='block_1_11' title="bbox 0 0 1479 4750">
    <p class='ocr_par' dir='ltr' id='par_1_23' title="bbox 0 0 1479 4750">
     <span class='ocr_line' id='line_1_42' title="bbox 0 0 1479 4750; baseline 0 0"><span class='ocrx_word' id='word_1_320' title='bbox 0 0 1479 4750; x_wconf 95' lang='lat' dir='ltr'><strong> </strong></span> 
     </span>
    </p>
   </div>
  </div>
 </body>
</html>
