2942 4750
408 194 619 255 LIBROR.
647 193 865 259 DEPERD.
1111 210 1170 267 223

94 361 212 443 farere
225 359 390 434 voluerunt,
407 358 581 426 Masinissa
596 381 685 445 agro,
701 363 740 425 de
754 363 862 446 qualis
876 374 952 444 erat,
963 368 1094 434 cedetne.
1117 372 1171 435 sed

14 448 16 475 '
108 441 217 528 Gisgo,
232 443 423 508 Hamilcaris
431 445 532 526 filias,
547 447 636 509 bomo
655 449 828 526 seditiosus,
848 451 903 532 qui
921 459 992 513 tunc
1006 453 1039 514 in
1059 459 1171 538 magis-

105 539 193 593 tratu
206 539 283 604 erat,
299 550 388 612 quarn
401 541 525 593 serratim
531 533 710 613 pariturum
722 554 756 596 se
769 533 890 616 judicia
906 537 1020 618 legatis
1033 539 1170 618 diriores,

107 616 157 678 ita
171 614 281 677 bellum
301 616 444 678 adversas
457 617 613 680 Romanos
630 619 786 681 medardo
805 622 976 695 concitavit,
993 632 1028 684 ut
1040 625 1170 705 legatas,

107 720 167 782 quo
180 700 279 761 minus
292 699 485 776 violarentur,
493 699 578 785 firgo
592 704 781 784 eaplicuerit.
824 705 867 766 ld
878 707 1063 782 mandantes,
1079 709 1171 791 infier-

108 783 248 867 tuncjam
261 794 397 847 auratum
410 785 725 869 Karthaginiensibus,
743 788 928 871 inffestiorern
934 787 1086 870 facerunt.
1118 794 1171 860 M.

106 870 238 934 Porcina
263 870 340 932 Coto
349 870 431 951 filii,
455 872 489 932 in
510 881 649 951 patruo
677 876 801 948 mortui,
813 874 915 957 funrts
936 877 1114 954 tenuissimo,
1136 888 1172 943 ut

107 955 215 1030 what,
240 957 263 1035 (⁷
274 975 345 1015 nam
364 975 486 1036 pauper
506 962 585 1035 erat)
612 966 709 1020 sumtu
722 956 811 1037 fecit.
860 958 1038 1036 Anartium
1064 962 1117 1043 qui
1139 984 1173 1027 se

108 1039 218 1102 Persei
217 1041 335 1120 filium,
349 1041 433 1122 regis
444 1042 592 1123 quondam
604 1042 805 1119 Macedonia,
816 1043 935 1127 ingenti
943 1046 1172 1112 adseumatione

107 1127 296 1199 mentiretur,
311 1125 440 1186 Romam
462 1126 578 1188 missus.
621 1126 673 1189 M.
689 1127 838 1191 AEmilius
851 1128 999 1208 Lepidus,
1015 1133 1070 1213 qui
1080 1134 1171 1211 prin·

108 1229 179 1289 ceps
198 1218 316 1272 senatus
340 1209 398 1271 ⁸ab
420 1211 513 1273 sestis
526 1210 597 1308 jam
619 1212 786 1275 canoribus
803 1223 872 1275 erat
889 1215 989 1287 lectus,
1011 1232 1172 1299 antequam

109 1294 288 1375 exspiraret,
306 1296 454 1374 pracepit
464 1296 559 1375 flius,
575 1295 649 1358 lecto
662 1318 693 1359 se
706 1306 806 1360 strato
818 1298 882 1359 sine
896 1297 1004 1374 linteis,
1020 1302 1085 1363 sinc
1093 1322 1172 1383 pur-

102 1398 191 1460 praa
205 1379 344 1464 fiarent
353 1412 365 1449 ,·
389 1378 420 1440 in
435 1378 688 1461 reliqrmmsumus
699 1383 759 1442 ’ne
775 1383 858 1462 plus,
874 1403 963 1464 quarn
982 1384 1050 1447 ceris
1070 1387 1170 1463 denos,

106 1473 335 1527 conmmerent:
367 1464 533 1545 imaginum
547 1467 652 1545 specie,
664 1487 726 1527 non
740 1467 891 1542 sumtibus,
912 1466 1069 1532 nobilitm
1085 1491 1135 1533 rna

109 1567 221 1611 nortun
234 1547 487 1628 virorumflrnera
500 1548 605 1612 solere.
647 1551 701 1613 De
714 1552 867 1632 veneficiis
879 1554 1043 1635 quesitum

109 1633 185 1697 licia
200 1642 231 1696 et
249 1634 389 1708 Licinia,
411 1633 524 1696 nobiles
532 1635 671 1717 femina,
694 1656 763 1718 qna
785 1637 892 1699 ¹⁰viras
912 1659 980 1700 suos
1003 1641 1173 1705 conationes

111 1739 234 1782 necasse
247 1717 511 1795 insimulabantur,
527 1720 650 1802 cognita
664 1741 783 1799 caussa,
798 1723 816 1754 ¹¹
827 1741 915 1803 quan
925 1725 1059 1803 pretori
1066 1745 1128 1804 pro
1140 1746 1173 1788 se

110 1806 204 1868 vades
217 1804 375 1879 dedissunt,
391 1813 586 1886 cognatorum
600 1807 717 1868 decreto
737 1817 853 1869 necata
871 1817 951 1869 suat.
994 1808 1014 1840 ¹¹
1026 1806 1170 1886 Gulussa,

111 1889 391 1967 Masinissaefilius,
404 1890 605 1968 denunciavit,
618 1891 817 1974 Karthagine
830 1893 960 1955 delectus
973 1893 1035 1976 agi,
1051 1891 1173 1957 classem

111 1976 297 2057 comparari,
313 1984 344 2036 et
363 1974 447 2036 ltaud
458 1975 583 2039 dubium
602 1974 709 2038 bellum
723 1978 809 2038 strici.
857 1976 957 2051 Qum
974 1979 1051 2041 Cato
1063 1981 1173 2043 alade-

108 2068 168 2134 ret,
183 2069 217 2122 ut
231 2061 271 2123 iis
284 2059 391 2122 bellum
405 2060 597 2137 indiceretur,
607 2062 649 2124 P.
666 2061 805 2125 Gemella
818 2061 938 2126 Nasica
952 2065 1077 2138 dicente,
1091 2066 1174 2127 nibil

112 2153 220 2207 tanae
222 2145 422 2229 faciundum,
431 2146 561 2225 placuit,
572 2147 669 2207 decern
683 2147 762 2208 mitti
775 2148 889 2229 legatos
899 2150 1100 2229 exploratum.
1130 2151 1171 2212 L.

8 2292 15 2309 ,
114 2229 254 2293 Licinius
274 2228 430 2301 Lucullus,
451 2232 489 2290 A.
504 2230 679 2291 Postumius
697 2230 826 2292 Albinus
847 2235 988 2305 cansam,
1011 2254 1099 2313 qratrn
1121 2236 1174 2296 de·

110 2315 216 2382 mun
242 2335 340 2378 severe
362 2321 497 2395 agerent,
521 2332 574 2372 nec
595 2332 769 2394 quanquam
789 2316 897 2394 gratia
919 2315 1112 2393 dimitterent,
1135 2319 1175 2380 ab

110 2401 243 2463 tribunis
251 2398 362 2478 plebis,
378 2398 432 2476 qui
447 2415 507 2474 pro
529 2394 632 2455 amicis
652 2397 715 2456 suis
737 2397 923 2456 vacationem
937 2398 1096 2475 inpetrare
1115 2420 1176 2461 non

55 2521 63 2536 ·
102 2483 267 2567 poterant,
283 2482 316 2542 in
328 2499 475 2542 carcerem
495 2476 622 2558 conjecti
642 2487 722 2540 sunt.
771 2476 868 2542 Quina
890 2479 1094 2560 Hispaniense
1115 2483 1177 2544 bel-

111 2571 185 2643 lurn,
202 2585 316 2647 parurn
330 2583 478 2645 paupere
491 2561 649 2644 aliquoties
666 2570 792 2645 gestum,
808 2562 853 2624 ita
873 2563 1052 2648 confudisset
1070 2566 1177 2629 civia·

113 2661 177 2715 tem
192 2651 373 2724 Romanam,
387 2657 422 2710 ut
434 2668 472 2709 ne
486 2648 513 2709 ii
533 2647 654 2729 quidem
668 2648 884 2723 invenirentur,
900 2650 955 2730 qui
968 2659 1023 2712 aut
1036 2651 1177 2715 tribrma·

62 2717 80 2770 l
113 2746 177 2801 tum
192 2735 372 2817 exciverunt,
389 2741 441 2795 aut
456 2733 555 2815 legati
566 2732 610 2794 ire
623 2733 742 2808 uellem,
758 2733 798 2796 P.
817 2733 974 2797 Canutius
988 2734 1177 2804 AEmiliaaus
1259 2771 1267 2789 .

62 2849 97 2888 's

147 2913 162 2960 l
179 2913 246 2959 Nam
252 2927 342 2973 pauper
357 2910 419 2974 crat]
438 2912 511 2959 Haud
527 2913 561 2959 ita
572 2909 629 2959 Plu·
660 2919 712 2959 tam
729 2911 888 2958 Freinshemii
907 2913 1059 2967 modestiam,
1071 2914 1113 2972 qui
1129 2914 1175 2960 hoc

111 2978 221 3031 mechus,
237 2977 280 3038 qui
294 2978 410 3022 Catonem
429 2978 570 3037 colligendae
589 2989 629 3036 pe·
660 2977 730 3030 libro,
748 2989 769 3022 e.
791 2976 828 3021 10.
845 2976 905 3022 nihil
922 2977 1047 3029 definiens,
1064 2975 1176 3022 nudirarn

112 3040 194 3089 sanim
209 3040 413 3085 studiosissimum
424 3040 498 3086 tuisse
516 3041 628 3092 afflnnst,
656 3040 779 3099 pecunimn
789 3039 815 3083 in
826 3039 901 3084 ianus
912 3052 983 3085 suum
1000 3039 1110 3085 consumi
1122 3035 1176 3099 jus·

111 3118 158 3151 neo
169 3104 234 3150 maie
244 3104 267 3149 ei
278 3117 330 3148 rem
341 3104 446 3149 cessisse
489 3102 555 3148 Eum
574 3103 629 3148 vide
661 3104 719 3148 sisse
730 3101 850 3161 lapidum
863 3104 928 3149 dicit.

112 3168 202 3215 inCat.
214 3163 275 3227 Maj.
694 3166 725 3212 10
746 3165 812 3210 Viros
833 3179 886 3213 suos
904 3161 1043 3226 matulam]
1074 3163 1176 3209 Addidit

147 3233 164 3280 8
179 3231 217 3277 Ab
227 3231 297 3275 uatis
304 3231 358 3290 jam
376 3225 514 3291 aarum]
529 3228 630 3278 Addidit
661 3228 797 3274 Gronovius
808 3241 822 3272 e
833 3229 909 3274 tribus
921 3227 992 3273 MSS.
1001 3239 1085 3272 vocem
1097 3239 1176 3272 ameu-

5 3287 46 3312 '³
114 3292 228 3355 Sigonius
255 3294 399 3353 particulam
420 3292 467 3340 ab:
498 3306 547 3338 non
579 3293 630 3338 sine
660 3291 728 3337 lares.
756 3291 818 3337 Sane
833 3293 894 3337 alter
909 3304 940 3337 ex
954 3290 1024 3336 iisl..
1037 3290 1176 3336 Postumius

116 3371 199 3412 uasa,
211 3362 371 3417 utputamus.
663 3357 816 3408 conuiuatum
833 3361 945 3414 gessemt.
985 3354 1031 3400 Sed
1047 3354 1176 3400 Claudium

149 3421 224 3468 9Nc
237 3421 293 3481 plus
308 3433 377 3479 quam
395 3420 450 3465 oerie
465 3418 543 3480 denas]
561 3417 632 3464 Sum·
664 3419 774 3464 Asellum
793 3418 869 3463 fuisse
888 3418 1012 3464 consulem
1029 3431 1077 3463 nou
1097 3423 1177 3463 exstat

116 3497 159 3530 ma
175 3485 276 3531 ridicule
291 3484 385 3542 exigua.
414 3482 476 3528 Deni
493 3483 631 3536 animeris,
663 3483 788 3527 memoria.
821 3479 909 3526 Viae.
922 3481 959 3526 10.
969 3477 1041 3541 hujus
1050 3482 1112 3527 libri.

115 3548 213 3594 etiamn
226 3561 300 3608 graie
316 3559 350 3592 ses
366 3546 522 3605 intelligatur,
535 3552 633 3606 aequant
696 3545 723 3590 11
744 3544 821 3599 Quum
839 3546 937 3604 pretori
958 3544 1048 3603 prada
1069 3544 1178 3605 rodmar

61 3597 70 3616 ⁸
116 3611 244 3657 denarium
263 3623 350 3662 unum,
370 3610 517 3656 siscanum
539 3610 633 3668 argenti
663 3607 791 3684 dolarent]
818 3608 935 3653 observat
955 3609 1090 3654 Gronovius
1116 3608 1178 3653 nihil

112 3687 230 3733 grmsurn.
263 3674 332 3719 Unus
352 3673 405 3718 MS.
429 3678 489 3718 teste
505 3672 628 3718 Gronouio
659 3671 699 3717 hic
713 3673 974 3730 praedibusopusesse.
1004 3670 1178 3719 hadesenim

116 3737 191 3783 habet
201 3738 256 3783 aris
272 3737 346 3788 meus,
358 3737 422 3782 unde
436 3736 580 3782 iaciiiimum
592 3739 629 3780 est
660 3735 686 3780 in
697 3735 740 3779 lite
751 3735 896 3790 nummaria,
909 3735 982 3780 vades
999 3735 1024 3779 in
1040 3750 1067 3781 re
1080 3731 1178 3793 capitali

115 3801 143 3846 id
160 3802 254 3846 efficere
270 3801 333 3860 quod
352 3799 468 3852 Pithoeus,
480 3803 630 3844 memorante
662 3798 788 3843 dabantur.
822 3798 906 3857 itaque
918 3812 947 3844 ex
957 3797 1028 3843 variis
1039 3799 1178 3855 depurata·

115 3862 240 3917 tamnu.-
251 3861 393 3925 oonjeoerat‚
412 3864 467 3907 ama
484 3861 570 3908 mdes:
587 3861 633 3906 nisi
664 3874 720 3907 rum
729 3862 755 3906 in
764 3860 834 3907 MSS.
846 3863 976 3908 lectionum
986 3861 1091 3919 uestigiis
1101 3857 1179 3903 varias

116 3929 183 3987 quod
199 3934 258 3974 tunc
274 3940 370 3972 summu
389 3939 436 3971 non
457 3925 633 3971 contemnenda
664 3924 844 3986 emendationes
871 3931 962 3971 tentati
988 3935 1091 3981 quarum
1124 3920 1177 3964 hmo

116 3991 235 4051 exsurgit.
263 3990 349 4036 Decies
357 3989 423 4035 enim
430 3994 532 4034 centena
542 3988 632 4032 assium
664 3988 771 4033 maxime
781 3989 899 4048 perspicui
910 3998 995 4033 oensus
1005 3997 1056 4028 esse
1067 3981 1136 4028 nobis
1143 3982 1179 4026 ui·

117 4055 204 4108 minu.
226 4054 321 4099 etiamsi
338 4052 504 4111 intelligantur
523 4052 635 4110 vulgares
666 4052 753 4097 detur:
770 4065 841 4111 quum
852 4066 866 4096 a
874 4058 975 4112 pretore
990 4047 1027 4091 dic
1042 4045 1102 4090 elicta
1113 4043 1180 4090 vades

116 4124 172 4163 tum
189 4131 263 4170 asses,
279 4118 321 4176 qui
338 4115 446 4161 setddeni
464 4114 489 4158 iu
509 4114 635 4182 denarium
666 4114 783 4160 minuent.
812 4115 859 4160 Sed
868 4115 910 4159 iliu
920 4109 1016 4168 longius
1026 4107 1180 4154 intrusa

115 4182 340 4232 eontuebantur,
385 4182 483 4237 mquam
526 4177 636 4223 denanoa
699 4177 730 4225 ts
747 4177 848 4224 Gulrara
868 4205 875 4219 .
892 4205 899 4219 .
917 4205 924 4218 .
944 4172 1098 4226 umectans,
1121 4171 1182 4220 Car.

114 4243 206 4292 aava.
223 4257 316 4290 marcas
332 4242 425 4303 argenti
445 4246 562 4287 nostrates
581 4239 636 4286 tto.
666 4240 761 4300 tlagiru
778 4239 875 4285 ductas
891 4235 945 4297 agi]
969 4233 1058 4281 Melius
1073 4234 1182 4285 Pithoeus

116 4307 232 4355 uaeissi.
242 4308 391 4353 semunciam
401 4303 422 4352 1.
445 4304 636 4351 imitemurcau-
667 4304 732 4364 apud
745 4303 880 4348 Hearnium
891 4298 1016 4345 aurdanu.
