2942 4750
433 173 527 233 ara.
546 173 645 234 xsu,
679 175 780 235 csr.
800 154 935 236 xxxin
1162 185 1201 239 ar

137 335 260 421 equites
279 337 399 401 treceni
420 335 584 423 aequaliter
605 339 639 400 in
661 336 801 423 singulas
823 330 975 421 legiones.
997 351 1029 405 et
1042 340 1075 405 in
1097 342 1351 423 socialiuctsl.

139 422 282 487 exercitu
309 422 434 487 consuli
461 422 550 487 alteri
578 435 689 488 auctus
717 445 887 488 numerus:
918 424 1076 489 sexdecim
1106 429 1281 493 millia&cn
1295 429 1351 487 ¹⁷1·

136 505 292 590 peditum,
310 508 510 595 octingentos
525 510 645 592 equites
668 516 798 590 (praeter
812 530 877 587 cos,
893 531 973 594 quos
989 510 1051 575 Cn.
1069 511 1205 578 Sicinius

134 589 287 669 duxisset,
304 607 466 658 sescentos
480 594 614 678 equites)
634 596 665 656 in
683 592 905 658 Macedoniam
921 596 1091 681 trajiceret.
1140 597 1205 662 lta-

135 676 188 740 liae
209 678 287 743 satis
310 679 375 743 visa
395 679 561 742 duodecim
584 678 685 742 millia
705 682 862 743 sociorum
885 680 1043 763 peditum,
1065 685 1206 747 sexcenti
1315 714 1320 725 ·

133 763 265 848 equites.
312 762 397 827 lllud
413 785 539 849 quoquc
553 766 751 848 praecipuum
767 764 877 828 datum
894 765 972 828 sorti
989 765 1204 845 Macedonis,

134 862 171 913 ut
181 849 384 912 centuriones
400 849 577 932 militesque
591 863 709 913 veteres
727 848 891 924 scriberet,
906 871 985 934 quos
1006 850 1110 928 vellet,
1126 874 1205 917 con·

134 931 187 995 sul
202 933 357 1018 usquead
374 934 606 1019 quinquaginta
623 956 735 998 annos.
780 936 818 997 ln
835 935 970 998 tribunis
986 937 1122 1000 militum
1144 960 1203 1002 no-
1212 958 1315 1008 uniunt

134 1028 246 1082 vatum
262 1040 302 1081 eo
317 1041 402 1083 anno
419 1035 550 1103 propter
573 1018 820 1083 Macedonicum
835 1018 964 1098 bellum,
980 1021 1068 1105 quod
1088 1044 1203 1087 consu·
1213 1022 1364 1099 ilfi-,³0⁰⁸

134 1104 180 1166 les
194 1124 238 1167 ex
250 1105 525 1168 senatusconsulto
538 1104 580 1168 ad
599 1104 754 1188 populum
769 1105 923 1184 tulerunt,
938 1127 979 1170 ne
1001 1106 1121 1172 tribuni
1143 1088 1275 1173 mi-M‘

21 1256 28 1275 ,
133 1185 227 1252 litum
251 1209 289 1251 eo
312 1210 396 1252 anno
416 1189 574 1275 suffragiis
602 1202 795 1263 crearentur,
820 1188 874 1253 sed
896 1189 1062 1255 consulum
1084 1206 1202 1278 praeto·

134 1294 272 1357 rumque
287 1274 320 1337 in
334 1274 373 1338 iis
386 1275 536 1340 faciendis
552 1276 708 1360 judicium
731 1275 957 1357 arbitriumque
979 1290 1069 1343 esset.
1114 1279 1203 1344 Inter

133 1376 289 1441 praetores
311 1361 354 1425 ita
375 1362 492 1446 partita
514 1361 656 1445 imperia.
686 1374 867 1446 praetorem,
884 1363 973 1446 cujus
994 1363 1349 1445 sorsfuisset,1’raaasum

132 1454 172 1508 ut
192 1445 263 1524 iret,
279 1467 344 1531 quo
364 1458 490 1511 senatus
511 1448 692 1522 censuisset,
715 1445 922 1509 Brundisium
944 1446 984 1509 ad
1005 1445 1134 1512 classem
1156 1450 1350 1515 iremvindt·
1371 1496 1374 1501 ,

132 1527 276 1613 placuit;
300 1543 396 1616 utque
410 1531 454 1594 ibi
471 1544 711 1617 recognosceret
725 1531 827 1593 socios
845 1530 979 1609 navales,
994 1530 1202 1618 dimissisque,

134 1613 163 1674 si
179 1615 232 1713 qui
245 1638 359 1699 parum
373 1617 481 1680 idonei
504 1630 616 1692 essent,
633 1616 888 1699 supplementum
912 1616 1027 1704 legeret
1046 1639 1087 1682 ex
1109 1619 1203 1684 liber·

132 1698 221 1776 tinas,
236 1714 266 1764 et
287 1703 377 1769 daret
398 1723 539 1786 operam,
556 1714 592 1765 ut
608 1701 682 1766 tluoe
703 1715 808 1786 partes
830 1702 946 1766 civium
968 1704 1212 1785 Romanorum,

133 1785 229 1849 tertia
243 1788 403 1851 sociorum
426 1801 517 1851 esset.
563 1787 770 1853 Commeatus
791 1786 881 1852 classi
904 1787 1145 1874 legionibusque
1168 1801 1203 1853 ut

133 1890 177 1933 ex
202 1872 311 1939 Sicilia
337 1873 545 1959 Sardiniaque
567 1873 827 1952 subveherentur,
848 1873 1052 1956 praetoribus,
1074 1873 1128 1958 qui
1150 1894 1202 1938 eas

133 1957 314 2039 provincias
329 1959 430 2022 sortiti
454 1971 566 2034 casem,
590 1960 733 2024 mandari
755 1958 885 2042 placuit,
911 1972 945 2022 ut
971 1957 1084 2022 alteras
1105 1958 1201 2024 decu·

131 2061 201 2105 mas
217 2043 332 2108 Siculis
355 2045 526 2131 Sardisque
547 2045 751 2129 imperarent,
769 2057 867 2130 utque
890 2044 920 2107 id
942 2043 1136 2109 frumentum
1157 2044 1201 2109 ad

131 2129 309 2193 exercitum
325 2129 359 2192 in
375 2128 599 2195 Macedoniam
615 2143 805 2214 portaretur.
831 2129 970 2195 Siciliam
988 2130 1027 2194 C.
1044 2130 1200 2215 Caninius

130 2211 267 2278 Rebilus
282 2227 331 2279 est
345 2216 483 2291 sortitus,
500 2217 541 2281 L.
557 2217 670 2279 Furius
694 2214 806 2278 Philus
823 2216 1012 2291 Sardiniam,
1033 2216 1074 2280 L.
1090 2215 1199 2281 Canu·

127 2294 212 2358 leius
236 2298 443 2382 Hispaniam,
466 2301 503 2363 C.
528 2300 686 2384 Sulpicius
708 2299 813 2362 Galba
835 2301 986 2363 urbanam
1010 2298 1200 2364 'urisdictio-

131 2400 221 2456 nem,
251 2381 292 2443 L.
322 2384 438 2448 Villius
466 2385 599 2454 Annalis
626 2385 709 2445 inter
737 2382 934 2463 peregrinos.
1016 2427 1024 2442 .
1052 2386 1203 2449 Lucretio

133 2463 247 2541 Gallo,
288 2487 332 2527 uo
347 2480 475 2528 senatus
488 2464 668 2538 censuisset,
683 2483 752 2523 sors
766 2465 880 2523 evenit.

178 2549 248 2614 XX
288 2549 333 2616 ll.
365 2549 456 2613 luter
483 2546 628 2612 consules
657 2547 757 2632 magis
779 2545 946 2626 cavillatio,
969 2568 1063 2633 quam
1087 2569 1203 2636 magna

33 2655 40 2674 ·
128 2636 306 2713 contentio,
319 2634 360 2699 de
374 2634 540 2719 provincia
553 2630 622 2697 fuit.
668 2631 803 2708 Cassius,
820 2634 903 2696 ἐἰπε
914 2644 994 2698 sorte
1006 2656 1038 2698 se
1052 2634 1201 2700 Macedo-

128 2723 214 2786 nium
236 2718 502 2806 obprcgnatunem',
519 2719 652 2796 dicebat,
669 2739 725 2783 nec
740 2739 827 2800 posse
847 2718 1001 2804 collegam,
1015 2720 1200 2804 salsugine-

118 2806 270 2890 jactando,
286 2829 382 2871 secum
397 2807 508 2871 sortiri.
534 2806 721 2869 ‘Praetorem
735 2825 811 2881 mun,
827 2825 866 2867 ne
880 2806 914 2869 in
921 2806 1113 2887 provasium
1126 2809 1197 2887 iret,

128 2894 165 2956 in
177 2894 317 2956 comicae
327 2892 464 2974 jurasse,
477 2914 509 2955 se
522 2900 601 2954 stato
614 2892 680 2954 loco
700 2890 845 2973 statisque
858 2892 963 2955 deus
973 2894 1127 2975 sacrificia
1141 2894 1199 2957 ha-

129 2977 212 3056 bere,
226 2998 303 3060 quae,
319 2979 440 3041 absente
452 2998 493 3053 se,
513 2986 592 3040 recte
599 2976 678 3059 fieri
698 2996 761 3038 non
775 2985 920 3057 possent.-
942 2997 1012 3059 quae
1025 2997 1083 3038 non
1098 2981 1200 3062 magis

129 3065 259 3137 cunum,
276 3083 365 3145 quom
378 3073 518 3144 praetore,
535 3061 655 3124 absente
668 3070 749 3122 recte
749 3061 831 3143 fieri
838 3069 971 3142 possent.
1000 3060 1052 3123 'Si
1063 3072 1196 3140 senatus,

128 3167 192 3211 non
215 3149 292 3231 quid
316 3150 405 3211 vellet
427 3149 459 3209 in
486 3148 644 3209 consulatu
666 3146 778 3227 potira,
802 3166 892 3228 queam
913 3145 991 3229 quid
1008 3145 1041 3207 in
1056 3155 1199 3226 pretam

118 3232 276 3317 juraverit
298 3234 339 3296 P.
365 3233 516 3309 licinius,
540 3231 842 3294 animadvertendum
864 3251 925 3294 esse
944 3240 1073 3307 casem,
1095 3253 1128 3294 se
1148 3242 1198 3296 ta-

30 3343 45 3374 ·
131 3338 199 3388 men
219 3315 361 3398 flumem
392 3321 425 3381 iu
453 3326 576 3381 sumtus
597 3324 759 3398 potestate.
817 3314 964 3379 Consulti
994 3315 1113 3395 Patres,
1144 3319 1197 3383 cui

134 3402 332 3466 consulatum
354 3402 492 3488 populus
510 3402 674 3466 Romanus
688 3420 753 3463 non
775 3415 929 3486 negasset,
951 3402 992 3463 ab
1014 3424 1047 3465 se
1068 3404 1197 3485 proriu-

134 3486 215 3552 ciam
236 3488 356 3575 negari,
373 3488 545 3573 superbum
566 3486 639 3565 rati,
655 3485 760 3551 sortiri
776 3488 921 3552 consules
935 3486 1109 3571 jusserunt.
1155 3489 1195 3555 P.
1206 3509 1344 3560 mmmm

544 3599 698 3668 foptatrmun
708 3604 777 3652 Cres.
1196 3573 1270 3622 '⁰⁰⁸¹'

162 3706 254 3756 usae
263 3712 324 3754 sorte
338 3722 362 3755 ac
376 3707 540 3756 Mammam
557 3710 648 3766 optatu-
679 3718 737 3752 cram
754 3704 876 3753 Gronovio
893 3707 1037 3765 perticulam
1055 3716 1194 3771 negantem,

127 3772 196 3834 nm}
222 3770 340 3818 Mcudosa
358 3777 410 3818 erat
428 3777 498 3818 vetus
519 3770 648 3830 scriptma,
679 3781 735 3829 quae
754 3781 853 3816 neam
872 3773 1003 3828 perturbat.
1045 3773 1108 3820 Hac
1128 3773 1196 3818 cuim

129 3838 326 3896 oppugnatam
370 3835 496 3882 Rubenius
522 3834 648 3881 substituit
680 3845 750 3879 mana
771 3839 808 3878 cst
826 3833 911 3888 Cassii,
930 3843 960 3882 ut
977 3836 1051 3890 dicat,
1065 3837 1196 3881 dseaatus

129 3902 273 3960 optatam
288 3899 405 3957 probabili
420 3896 567 3961 conjmura.
599 3897 649 3944 lta·
676 3892 762 3958 jubeat
783 3909 866 3945 marm
884 3899 1109 3962 sonirilenium.
1128 3902 1154 3941 et
1172 3900 1196 3944 ct

128 3976 179 4024 que
189 3961 215 4007 id
231 3962 257 4008 ia
273 3967 416 4009 contextum
424 3962 576 4016 mmldmuu
583 3967 613 4008 ut
623 3967 648 4007 et
679 3960 825 4021 mudena,
844 3962 954 4009 attam
970 3964 1052 4031 potius
1067 3959 1126 4017 quid
1138 3960 1196 4007 velit

129 4026 344 4073 melcustecssat.
679 4024 705 4072 ln
720 4026 857 4080 comulatu,
874 4038 948 4086 quam
966 4026 1026 4085 quid
1039 4021 1195 4083 Juravsritln

161 4087 326 4136 tProetorem
339 4102 401 4143 ems,
418 4102 447 4135 as
463 4090 489 4134 to
501 4088 648 4148 prmladsm
677 4094 792 4149 pentura,
804 4102 838 4145 se,
850 4084 1194 4150 quamvispuumidoequum

129 4152 194 4263 itaq
216 4152 270 4200 Hoc
292 4153 437 4204 memoravit
458 4151 543 4199 Livius
564 4164 645 4213 ηψπ,
678 4153 951 4208 ἀὴινὶᾱαιυπ,ιιω
966 4146 1194 4216 uactuiobtempe.

131 4215 255 4266 xima
677 4223 797 4266 numm

163 4278 647 4350 saranumqmumjnos
746 4343 748 4346 .
