2942 4750
498 152 865 274 Pannonios
1179 202 1219 275 ιι

121 400 248 491 hodie,
271 427 340 479 nec
363 406 466 494 dilui,
492 431 563 482 nec
593 406 828 504 comprobari
855 405 1007 479 omuino
1031 428 1142 504 posse
1164 409 1218 483 la-

122 517 194 592 cile
210 521 487 625 crediderimus.
540 522 637 596 Fieri
653 520 892 620 sanepotuit,
909 532 950 595 ιιι
973 521 1087 595 Ιιοιιιο
1105 523 1219 597 Pata·

55 682 61 693 ·
121 629 229 709 vinus
246 637 405 734 patriam
429 638 541 735 plane
566 638 760 712 dediscere
784 644 861 712 non
887 637 1054 734 quiverit,
1073 647 1110 710 et
1125 628 1221 739 levia

120 744 297 847 quae'dam
322 753 511 827 retinuerit
533 752 712 849 loquendi
734 752 833 839 vitia,
857 778 941 851 quae
965 752 1143 850 principis
1166 755 1221 827 in·

122 875 179 939 ter
206 867 403 942 Romanos
421 867 485 940 viri
509 877 644 942 teretes
667 878 705 942 et
721 867 914 963 religiosas
931 893 1039 942 ames
1056 869 1220 965 offende-

34 986 56 1039 ἴ
120 991 215 1054 rent.
267 981 324 1055 At
351 988 433 1070 nos,
457 983 592 1079 quibus
619 983 757 1057 Latina
779 972 907 1079 lingua
934 983 1126 1080 peregrina
1151 996 1219 1072 est,

21 1140 22 1147 ι
121 1095 186 1193 qui
204 1121 288 1169 eam
304 1122 351 1171 ex
367 1098 469 1171 libris
485 1099 747 1173 tantummodo
765 1122 992 1211 cognoscere
1007 1110 1219 1195 possumus,

121 1212 315 1340 qupmodo
332 1222 479 1289 tantum
504 1214 613 1287 nobis
636 1207 905 1310 arrogaremus,
923 1223 965 1286 ut
981 1213 1064 1287 illos
1080 1239 1220 1301 naevos,

121 1326 186 1423 qui
207 1328 468 1441 plerorumque
492 1327 753 1403 Romanorum
777 1328 909 1401 oculos
934 1328 1092 1402 sortasse
1119 1330 1221 1404 falle

121 1442 225 1526 bant,
237 1433 515 1538 deprehendere
531 1454 570 1515 et
585 1443 775 1538 assignare
786 1443 1031 1515 auderemus?
1065 1443 1114 1516 Id
1130 1471 1221 1551 sane

121 1558 320 1630 tentaverit
343 1558 531 1652 Dujatius,
562 1558 676 1629 homo
703 1579 782 1629 non
807 1557 860 1628 ita
887 1582 910 1628 a
939 1546 1176 1633 Latinitate
1165 1585 1218 1632 ιιι-
1228 1582 1333 1692 'ff-¹¹¹

124 1682 299 1759 structus,
317 1682 360 1746 ιιι
377 1673 542 1746 Livianae
560 1672 736 1745 orationis
754 1694 950 1745 censuram
968 1683 1104 1768 ageret
1140 1647 1280 1747 No-¹⁴¹''

120 1787 180 1861 bis
211 1788 527 1862 consultissimum
555 1789 702 1862 videtur
726 1813 772 1861 ea
806 1788 855 1860 de
881 1811 920 1859 re
947 1786 1064 1861 silere
1117 1787 1222 1863 Beue

121 1904 290 2000 profecto
323 1904 518 1979 nobiscum
552 1916 731 2001 ageretur,
761 1904 825 2001 qui
855 1902 1030 1977 Latinam
1056 1903 1221 2002 linguam

121 2019 304 2093 balbutire
321 2044 511 2107 conamur,
530 2020 561 2094 si
588 2020 682 2094 Livii
705 2010 911 2094 orationem
931 2044 1017 2094 cum
1037 2045 1107 2095 sua
1127 2044 1219 2118 quo·

123 2158 196 2279 qne
213 2135 472 2210 Putaviuitute
489 2138 640 2209 daretur
655 2137 839 2231 effingere.

126 2250 259 2324 Nec
277 2273 364 2322 vero
380 2240 594 2378 eloquentia
616 2258 760 2322 tantum
783 2249 917 2323 claruit
933 2249 1038 2337 Livii,
1057 2250 1125 2323 sed
1141 2251 1220 2323 lau·
1245 2271 1265 2332 ι.
1278 2277 1300 2318 ι.

125 2366 238 2438 datur
253 2374 291 2439 et
307 2365 414 2450 fides,
429 2390 512 2461 quae
530 2363 650 2462 prima
662 2363 777 2437 virtus
790 2363 839 2437 ab
855 2363 1089 2437 historiarum
1107 2364 1289 2472 scrip-m.
1229 2335 1287 2383 ω’
1291 2337 1355 2384 ¹¹⁸

122 2491 204 2554 tore
226 2480 430 2576 requiritur.
482 2481 631 2553 Ausum
658 2504 741 2574 esse
767 2504 853 2552 eum
883 2503 969 2551 vera
997 2479 1110 2552 etiam
1134 2502 1381 2552 cumanum

123 2595 338 2669 offensionis
358 2595 524 2692 periculo
551 2595 684 2679 dicere,
694 2593 940 2704 veritatisque
960 2579 1301 2667 studiosioremperna
1259 2572 1332 2612 ΠΜ

123 2706 247 2796 liiisse,
275 2735 388 2807 quam
416 2711 566 2808 gratiae
575 2709 802 2807 imperantis,
829 2733 877 2783 ex
899 2734 945 2782 eo
975 2718 1079 2807 patet
1103 2710 1219 2806 quod,

125 2828 302 2901 referente
324 2826 471 2914 Tacito,
498 2826 551 2899 ita
575 2826 645 2901 Cn.
666 2824 889 2922 Pompeium
915 2825 1090 2899 laudibus
1115 2834 1218 2898 extu·
1229 2847 1272 2893 iv
1284 2848 1349 2893 ιιι.

124 2942 228 3027 lerat‚
265 2952 305 3014 ut
338 2941 610 3039 Pompeianum
649 2965 736 3016 eum
769 2940 965 3037 Augustus
1004 2919 1268 3037 appellaretf*

126 3058 235 3185 Saepe
262 3055 431 3143 Brutum,
464 3057 649 3142 Cassium,
684 3056 909 3152 Scipionem,
940 3054 1149 3139 Afranium,
1180 3063 1221 3127 ut

124 3172 287 3268 insignes
306 3172 402 3246 viros
427 3171 694 3244 nominaverat.
749 3168 884 3265 Neque
904 3170 957 3253 id,
976 3168 1110 3240 eodem
1126 3175 1220 3240 teste

125 3287 272 3373 Tacito,
296 3288 465 3360 amicitiae
488 3287 604 3383 ipsius
632 3307 719 3359 cum
737 3283 912 3379 Augusto
943 3282 1090 3356 offecit:
1116 3282 1220 3380 quod

125 3404 278 3500 quidem
307 3403 437 3477 dubito
465 3414 588 3475 utrum
615 3398 893 3500 patientissimis
918 3397 1102 3498 Principis
1126 3397 1219 3472 auri·

21 3567 28 3580 ·
124 3512 207 3605 bus,
226 3542 275 3590 an
291 3509 483 3592 scribentis
499 3517 659 3591 libertati
674 3516 783 3588 fuerit
797 3514 1111 3590 honorificentius.

178 3634 254 3706 Sed
278 3643 316 3706 et
340 3633 378 3705 in
402 3633 446 3707 iis
469 3659 552 3730 quae
576 3632 690 3705 hodie
712 3641 921 3729 supersunt,
939 3633 1044 3706 nulla
1068 3637 1222 3730 apparet

127 3748 386 3824 assentationis
403 3774 491 3845 erga
511 3773 596 3821 eum
613 3747 676 3844 qui
701 3771 824 3821 rerum
843 3748 1023 3845 potiretur
1047 3745 1220 3850 suspicio.

128 3865 251 3940 Semel
271 3873 341 3936 aut
365 3865 498 3937 iterum
520 3862 559 3934 in
584 3862 670 3936 totis
691 3853 856 3960 quinque
882 3872 921 3935 et
946 3860 1095 3955 triginta
1120 3856 1222 3931 libris

127 3981 343 4077 Augustum
366 3979 551 4076 appellat:
579 3980 646 4051 sed
671 3979 754 4076 ipsa
774 4003 815 4050 re
839 3984 1029 4073 poscente,
1051 3972 1118 4045 sed
1141 3972 1222 4046 bre·

127 4097 217 4171 viter
232 4108 269 4171 et
295 4093 443 4180 cursim,
463 4093 620 4168 modicis
644 4118 731 4168 curn
756 4091 930 4166 laudibus
947 4099 986 4161 et
1001 4086 1107 4160 veris.
1160 4086 1221 4162 Li·

126 4214 195 4287 bro
219 4212 350 4308 primo,
377 4235 460 4307 cap.
482 4198 538 4285 19.
564 4210 744 4310 templum
769 4205 869 4292 lani,
895 4202 1094 4280 occasione
1119 4203 1221 4288 data,
