2942 4750
488 226 832 305 PRAEFATIO.
1052 282 1063 296 ,
1140 225 1204 299 xix

115 435 306 529 tuusujus
323 432 496 513 facinoris
511 434 611 513 ultor
625 456 709 513 esse
721 432 922 522 debuisset,
934 434 1016 529 ejus
1032 434 1204 511 conscius

116 546 230 623 fluisse
245 561 477 641 nosceretur,
488 562 600 650 atque
616 552 728 628 etiam
745 551 844 626 viam
859 551 910 623 'ad
930 548 971 623 id
993 559 1204 647 perpetrau-

48 737 59 752 ‚
117 662 209 736 dum
224 667 507 762 quodammodo
526 668 723 764 aperuisse.
785 718 790 730 ·
958 674 962 681 '
1200 689 1205 697 ·

165 779 230 852 Ab
257 781 393 855 eodem
422 782 535 856 animi
564 782 700 856 affectu
724 803 810 855 eum
836 781 1005 880 iniquum
1029 778 1143 853 fuisse
1167 775 1322 854 insuavius

119 890 378 970 Rornanorum
408 897 557 984 hostes,
580 922 625 970 ac
656 895 842 994 praeeipue
874 895 1018 982 Gallos,
1052 861 1362 992 quidamffiliiddfi-

8 1038 43 1104 ,ο
115 1020 288 1103 arguunt.
340 1011 443 1085 Inter
464 1034 560 1107 quos
577 1010 755 1105 Dujatius
777 1035 859 1085 sese
881 1008 1022 1108 passim
1046 1009 1084 1083 in
1108 989 1362 1101 uotisffiffi

71 1119 256 1241 χίξαίἰὶοί
272 1127 418 1201 decoris
436 1136 657 1203 assertorem
673 1151 719 1200 ac
735 1125 922 1202 vindicem
932 1127 1075 1220 jactat:
1101 1124 1208 1223 quasi
1215 1118 1333 1229 ’3οξήο

118 1258 206 1310 vero
225 1240 433 1338 quidquam
453 1242 504 1315 ad
529 1240 821 1339 splendidissimi
845 1241 956 1334 hujus
979 1239 1208 1314 Francorum
1216 1263 1337 1321 nutura

118 1347 260 1448 imperii
281 1355 433 1429 laudem
449 1334 663 1432 dedecusve
678 1355 888 1452 pertineant
907 1353 1114 1451 priscorum
1129 1354 1209 1430 illo
1217 1327 1351 1440 iffi}

118 1487 200 1538 rum
217 1467 413 1543 Gallorum
428 1469 581 1543 vitutus
598 1494 643 1543 ac
659 1468 759 1554 vitiu,
776 1469 872 1542 bene
888 1477 953 1542 aut
969 1493 1077 1544 secus
1088 1470 1189 1544 facta
1199 1456 1276 1562 3V¹¹·
1286 1456 1372 1503 ΗΜ

119 1578 185 1674 qui
202 1604 226 1652 a
244 1580 427 1656 Romanis
443 1584 614 1680 primurn,
642 1583 779 1656 deinde
805 1607 828 1655 a
848 1581 1014 1671 Francis,
1042 1584 1211 1682 Bnrfflm·

121 1691 309 1781 dionibus,
335 1695 472 1770 Gothis
499 1697 644 1785 domiti,
663 1699 746 1792 jam
769 1722 793 1769 a
813 1697 940 1773 multis
965 1699 1099 1772 seculis
1120 1699 1213 1773 nulli

119 1818 220 1893 sunt,
237 1820 275 1883 et
290 1810 330 1883 in
345 1810 550 1885 victricium
567 1811 731 1908 gentium
748 1834 887 1885 nomeu
902 1812 1023 1898 simul,
1047 1824 1085 1886 et
1100 1812 1213 1909 leges,
1263 1846 1268 1855 ·

119 1919 300 2012 instituta,
324 1940 524 2023 moresque¹
542 1927 777 2002 nansierunt.
830 1927 907 2002 Sed
923 1928 969 2005 iis
984 1935 1136 2025 quoque
1151 1928 1214 2003 Li·

122 2034 203 2110 vius
228 2056 415 2138 nusquam
439 2051 553 2139 negat
570 2041 731 2117 Martios
749 2043 893 2117 animos
914 2042 1039 2132 fuisse,
1063 2056 1101 2119 et
1121 2045 1215 2119 fero·

121 2172 195 2236 ces,
218 2162 257 2225 et
279 2153 375 2228 inter
389 2155 556 2252 pericula
576 2156 799 2252 impavidos.
851 2157 994 2230 Eomm
1010 2158 1084 2230 vim
1100 2159 1215 2255 impe·

122 2276 277 2363 tumque
293 2269 492 2342 terribilem
507 2268 646 2366 ubique
661 2270 783 2342 verbis
799 2269 955 2342 extollit.
972 2280 976 2285 ’
1002 2270 1255 2352 Quodeos-v.
1267 2300 1308 2340 u.

124 2382 213 2455 dem
238 2407 371 2479 pamm
390 2385 518 2458 firmos
538 2383 670 2456 animis
697 2381 999 2482 corporibusque,
1021 2384 1053 2456 si
1079 2372 1217 2459 diutius

126 2497 244 2571 bostis
261 2497 457 2585 resisteret,
480 2497 594 2571 fluisse
615 2497 678 2585 ait,
695 2507 745 2584 et,
762 2496 1083 2596 quemadmodum
1099 2498 1220 2596 piim'a

124 2635 255 2686 eorum
275 2612 403 2710 praelia
418 2612 618 2710 plusquam
635 2612 796 2686 virorum
811 2620 947 2698 essent,
963 2611 1017 2686 ita
1032 2622 1260 2710 postremam
1272 2644 1311 2686 20.

125 2726 249 2801 miuus
275 2752 390 2824 quam
414 2726 648 2800 foemiuarum
667 2751 762 2813 esse,
785 2725 826 2798 id
854 2726 999 2834 ¹uidem
1022 2752 1221 2802 commune

127 2842 294 2916 omnium
311 2842 573 2930 Barbaromm,
596 2842 727 2939 quales
749 2850 829 2914 tum
846 2751 946 2915 itali
963 2842 1073 2929 fuere,
1091 2843 1221 2918 vitium

61 3045 74 3054 -
86 2967 195 3049 „est
221 2957 287 3053 qui
307 2956 453 3030 etiamsi
476 2956 617 3053 impetu
638 2957 776 3042 valent,
799 2979 906 3031 mora
929 2966 1028 3032 certe
1049 2957 1221 3053 langues·

7 3095 21 3111 ··
37 3055 54 3078 ²
125 3078 229 3145 cunt.
282 3070 366 3144 Nec
389 3070 572 3145 absimilia
594 3070 733 3157 casas,
754 3071 888 3143 eadem
911 3070 1024 3166 plane
1044 3095 1123 3144 uon
1143 3095 1219 3145 uuo
1230 3100 1290 3146 ca.
1302 3099 1343 3146 uo.

118 3177 213 3256 'loco
231 3181 412 3280 Polybius
438 3184 834 3260 desumendum:
860 3205 1012 3279 prorsus
1032 3195 1076 3255 ut
1091 3163 1384 3276 multifidi

127 3297 199 3372 rito
221 3299 392 3375 rideatm
416 3299 580 3398 suspicio
605 3296 874 3408 malevolentiae
898 3295 938 3370 in
963 3296 1095 3378 Gallos
1113 3297 1220 3374 Iuno
1228 3290 1384 3403 2⁰}1¹{P⁸’·¹¹'

181 3527 274 3601 Non
298 3530 554 3625 negaverimus
580 3539 708 3606 tamen
736 3529 813 3603 lieri
840 3529 1015 3628 potuisse,
1043 3541 1086 3606 ut
1112 3532 1372 3615 inter-nmio»

7 3600 75 3677 Ψ
126 3642 223 3715 dum
247 3666 293 3716 eo
314 3643 443 3719 mallet
457 3653 585 3719 noster
599 3670 687 3718 vem
705 3669 789 3720 esse
804 3670 889 3742 quae
906 3645 1090 3721 Romanis
1106 3619 1368 3738 laudum?

127 3777 245 3852 quam
261 3780 345 3852 quae
363 3756 483 3832 Gallis
499 3767 616 3831 erant.
656 3758 838 3855 Polybius
855 3760 988 3834 Gallos
1005 3770 1118 3855 captu
1133 3760 1369 3857 urbessgzffi

8 3922 9 3947 2
129 3869 309 3946 Romana
326 3883 503 3946 avocatos
520 3873 571 3945 ad
594 3897 664 3946 sua
684 3874 837 3961 menda,
855 3876 959 3971 quod
976 3871 1111 3946 Veneti
1124 3872 1300 3985 ipso-ffb·
1312 3874 1333 3921 1·
1344 3843 1370 3921 ⁰3

8 4020 11 4067 ι
119 3991 212 4059 ”rum
239 3986 333 4058 fines
355 4009 443 4059 cum
468 3985 603 4060 infesto
629 3988 795 4064 exercitu
815 3986 971 4084 ingressi
992 3995 1109 4073 erant,
1129 4010 1225 4082 pace

7 4146 11 4189 ,
132 4123 220 4173 cum
248 4099 432 4174 Romanis
447 4099 597 4198 'quibus
625 4102 904 4178 conditionibus
929 4099 1080 4175 voluere
1113 4101 1224 4190 fautu,
1276 4133 1280 4144 ·

126 4214 296 4313 'urbeque
318 4215 468 4291 reddita
490 4215 623 4293 abiisse
644 4227 845 4292 memorat:
874 4213 1013 4303 livius,
1028 4238 1096 4294 eos
1112 4241 1137 4291 a
1153 4203 1379 4354 Cuqqqnvsu

655 4339 735 4406 η’
1306 4339 1313 4354 ’
