<?xml version="1.0" encoding="UTF-8"?>
<!DOCTYPE html PUBLIC "-//W3C//DTD XHTML 1.0 Transitional//EN"
    "http://www.w3.org/TR/xhtml1/DTD/xhtml1-transitional.dtd">
<html xmlns="http://www.w3.org/1999/xhtml" xml:lang="en" lang="en">
 <head>
  <title>
</title>
<meta http-equiv="Content-Type" content="text/html;charset=utf-8" />
  <meta name='ocr-system' content='tesseract 3.04.00' />
  <meta name='ocr-capabilities' content='ocr_page ocr_carea ocr_par ocr_line ocrx_word'/>
</head>
<body>
  <div class='ocr_page' id='page_1' title='image "./tliviipatavinih05crevgoog/tliviipatavinih05crevgoog_0028.png"; bbox 0 0 2942 4750; ppageno 0'>
   <div class='ocr_carea' id='block_1_1' title="bbox 271 254 925 324">
    <p class='ocr_par' dir='ltr' id='par_1_1' title="bbox 271 254 925 324">
     <span class='ocr_line' id='line_1_1' title="bbox 271 254 925 324; baseline -0.015 0"><span class='ocrx_word' id='word_1_1' title='bbox 271 266 313 324; x_wconf 62' lang='lat'><strong>20</strong></span> <span class='ocrx_word' id='word_1_2' title='bbox 622 254 759 317; x_wconf 79' lang='lat' dir='ltr'><strong>-TITI</strong></span> <span class='ocrx_word' id='word_1_3' title='bbox 791 255 925 316; x_wconf 77' lang='lat' dir='ltr'><strong>L1v1t</strong></span> 
     </span>
    </p>
   </div>
   <div class='ocr_carea' id='block_1_2' title="bbox 114 418 1346 1031">
    <p class='ocr_par' dir='ltr' id='par_1_2' title="bbox 114 418 1345 704">
     <span class='ocr_line' id='line_1_2' title="bbox 114 418 1343 506; baseline -0.01 -10"><span class='ocrx_word' id='word_1_4' title='bbox 114 448 144 496; x_wconf 87' lang='lat' dir='ltr'><strong>o.</strong></span> <span class='ocrx_word' id='word_1_5' title='bbox 155 444 182 496; x_wconf 80' lang='lat' dir='ltr'><strong>o</strong></span> <span class='ocrx_word' id='word_1_6' title='bbox 195 444 249 495; x_wconf 80' lang='lat' dir='ltr'><strong>ara.</strong></span> <span class='ocrx_word' id='word_1_7' title='bbox 275 429 354 496; x_wconf 86' lang='lat' dir='ltr'><strong>dunt</strong></span> <span class='ocrx_word' id='word_1_8' title='bbox 367 426 525 492; x_wconf 81' lang='lat' dir='ltr'><strong>incitatius</strong></span> <span class='ocrx_word' id='word_1_9' title='bbox 547 433 620 488; x_wconf 88' lang='lat' dir='ltr'><strong>ante</strong></span> <span class='ocrx_word' id='word_1_10' title='bbox 640 421 731 505; x_wconf 75' lang='lat' dir='ltr'><strong>signa</strong></span> <span class='ocrx_word' id='word_1_11' title='bbox 754 419 948 499; x_wconf 68' lang='lat' dir='ltr'><strong>obrmsatur,</strong></span> <span class='ocrx_word' id='word_1_12' title='bbox 964 418 1076 484; x_wconf 84' lang='lat' dir='ltr'><strong>missili</strong></span> <span class='ocrx_word' id='word_1_13' title='bbox 1089 420 1250 506; x_wconf 77' lang='lat' dir='ltr'><strong>trajectus</strong></span> <span class='ocrx_word' id='word_1_14' title='bbox 1261 418 1343 484; x_wconf 80' lang='lat' dir='ltr'><strong>oeci·</strong></span> 
     </span>
     <span class='ocr_line' id='line_1_3' title="bbox 114 509 1345 591; baseline -0.011 -8"><span class='ocrx_word' id='word_1_15' title='bbox 114 510 251 561; x_wconf 47' lang='grc' dir='ltr'><strong>ΛΜΝ·</strong></span> <span class='ocrx_word' id='word_1_16' title='bbox 275 516 333 582; x_wconf 87' lang='lat' dir='ltr'><strong>dit.</strong></span> <span class='ocrx_word' id='word_1_17' title='bbox 378 513 448 580; x_wconf 74' lang='lat' dir='ltr'><strong>Nec</strong></span> <span class='ocrx_word' id='word_1_18' title='bbox 462 511 567 575; x_wconf 87' lang='lat' dir='ltr'><strong>hostes</strong></span> <span class='ocrx_word' id='word_1_19' title='bbox 580 510 691 573; x_wconf 83' lang='lat' dir='ltr'><strong>ducam</strong></span> <span class='ocrx_word' id='word_1_20' title='bbox 707 509 846 572; x_wconf 84' lang='lat' dir='ltr'><strong>occisam</strong></span> <span class='ocrx_word' id='word_1_21' title='bbox 861 520 1045 586; x_wconf 80' lang='lat' dir='ltr'><strong>senserunt3</strong></span> <span class='ocrx_word' id='word_1_22' title='bbox 1069 518 1102 571; x_wconf 87' lang='lat' dir='ltr'><strong>et</strong></span> <span class='ocrx_word' id='word_1_23' title='bbox 1120 526 1250 572; x_wconf 87' lang='lat' dir='ltr'><strong>suorum</strong></span> <span class='ocrx_word' id='word_1_24' title='bbox 1262 525 1345 591; x_wconf 66' lang='lat' dir='ltr'><strong>pano</strong></span> 
     </span>
     <span class='ocr_line' id='line_1_4' title="bbox 276 592 1343 704; baseline -0.013 -35"><span class='ocrx_word' id='word_1_25' title='bbox 276 602 317 683; x_wconf 88' lang='lat' dir='ltr'><strong>ei,</strong></span> <span class='ocrx_word' id='word_1_26' title='bbox 340 600 396 704; x_wconf 79' lang='lat' dir='ltr'><strong>qui</strong></span> <span class='ocrx_word' id='word_1_27' title='bbox 417 596 571 673; x_wconf 78' lang='lat' dir='ltr'><strong>viderant,</strong></span> <span class='ocrx_word' id='word_1_28' title='bbox 593 594 680 659; x_wconf 87' lang='lat' dir='ltr'><strong>haud</strong></span> <span class='ocrx_word' id='word_1_29' title='bbox 701 594 916 683; x_wconf 79' lang='lat' dir='ltr'>neglegenter,</span> <span class='ocrx_word' id='word_1_30' title='bbox 933 606 969 658; x_wconf 90' lang='lat' dir='ltr'><strong>ut</strong></span> <span class='ocrx_word' id='word_1_31' title='bbox 984 594 1039 680; x_wconf 90' lang='lat' dir='ltr'><strong>qui</strong></span> <span class='ocrx_word' id='word_1_32' title='bbox 1060 593 1095 657; x_wconf 95' lang='lat' dir='ltr'><strong>in</strong></span> <span class='ocrx_word' id='word_1_33' title='bbox 1118 615 1157 657; x_wconf 87' lang='lat' dir='ltr'><strong>eo</strong></span> <span class='ocrx_word' id='word_1_34' title='bbox 1177 592 1343 657; x_wconf 80' lang='lat' dir='ltr'><strong>victoriam</strong></span> 
     </span>
    </p>

    <p class='ocr_par' dir='ltr' id='par_1_3' title="bbox 276 679 1346 768">
     <span class='ocr_line' id='line_1_5' title="bbox 276 679 1346 768; baseline -0.011 -13"><span class='ocrx_word' id='word_1_35' title='bbox 276 701 356 754; x_wconf 79' lang='lat' dir='ltr'><strong>verta</strong></span> <span class='ocrx_word' id='word_1_36' title='bbox 378 687 504 765; x_wconf 86' lang='lat' dir='ltr'><strong>selrent,</strong></span> <span class='ocrx_word' id='word_1_37' title='bbox 521 700 637 768; x_wconf 87' lang='lat' dir='ltr'><strong>corpas</strong></span> <span class='ocrx_word' id='word_1_38' title='bbox 657 679 867 747; x_wconf 73' lang='lat' dir='ltr'><strong>occultavere.</strong></span> <span class='ocrx_word' id='word_1_39' title='bbox 912 680 988 746; x_wconf 88' lang='lat' dir='ltr'><strong>Alia</strong></span> <span class='ocrx_word' id='word_1_40' title='bbox 1009 679 1181 743; x_wconf 89' lang='lat' dir='ltr'><strong>multitudo</strong></span> <span class='ocrx_word' id='word_1_41' title='bbox 1201 679 1346 767; x_wconf 83' lang='lat' dir='ltr'><strong>peditum</strong></span> 
     </span>
    </p>

    <p class='ocr_par' dir='ltr' id='par_1_4' title="bbox 163 765 1345 944">
     <span class='ocr_line' id='line_1_6' title="bbox 163 765 1345 861; baseline -0.008 -24"><span class='ocrx_word' id='word_1_42' title='bbox 163 775 167 779; x_wconf 76' lang='grc'><strong>’</strong></span> <span class='ocrx_word' id='word_1_43' title='bbox 279 774 494 861; x_wconf 76' lang='lat' dir='ltr'><strong>equitumque,</strong></span> <span class='ocrx_word' id='word_1_44' title='bbox 518 769 690 833; x_wconf 84' lang='lat' dir='ltr'><strong>deturbatis</strong></span> <span class='ocrx_word' id='word_1_45' title='bbox 713 767 869 846; x_wconf 74' lang='lat' dir='ltr'><strong>hostibus,</strong></span> <span class='ocrx_word' id='word_1_46' title='bbox 887 781 1010 831; x_wconf 87' lang='lat' dir='ltr'><strong>montes</strong></span> <span class='ocrx_word' id='word_1_47' title='bbox 1032 767 1100 830; x_wconf 87' lang='lat' dir='ltr'><strong>sine</strong></span> <span class='ocrx_word' id='word_1_48' title='bbox 1121 765 1203 830; x_wconf 86' lang='lat' dir='ltr'><strong>duce</strong></span> <span class='ocrx_word' id='word_1_49' title='bbox 1224 784 1345 852; x_wconf 77' lang='lat' dir='ltr'><strong>cepere.</strong></span> 
     </span>
     <span class='ocr_line' id='line_1_7' title="bbox 277 852 1345 944; baseline -0.008 -19"><span class='ocrx_word' id='word_1_50' title='bbox 277 858 332 926; x_wconf 91' lang='lat' dir='ltr'><strong>Ad</strong></span> <span class='ocrx_word' id='word_1_51' title='bbox 351 858 493 944; x_wconf 88' lang='lat' dir='ltr'><strong>quinque</strong></span> <span class='ocrx_word' id='word_1_52' title='bbox 522 855 620 920; x_wconf 90' lang='lat' dir='ltr'><strong>millia</strong></span> <span class='ocrx_word' id='word_1_53' title='bbox 642 854 798 941; x_wconf 81' lang='lat' dir='ltr'><strong>Ligurum</strong></span> <span class='ocrx_word' id='word_1_54' title='bbox 823 856 942 918; x_wconf 85' lang='lat' dir='ltr'><strong>occisa:</strong></span> <span class='ocrx_word' id='word_1_55' title='bbox 964 874 1006 917; x_wconf 86' lang='lat' dir='ltr'><strong>ex</strong></span> <span class='ocrx_word' id='word_1_56' title='bbox 1030 853 1179 917; x_wconf 79' lang='lat' dir='ltr'><strong>Romano</strong></span> <span class='ocrx_word' id='word_1_57' title='bbox 1201 852 1345 917; x_wconf 72' lang='lat' dir='ltr'><strong>exeram</strong></span> 
     </span>
    </p>

    <p class='ocr_par' dir='ltr' id='par_1_5' title="bbox 277 938 1346 1031">
     <span class='ocr_line' id='line_1_8' title="bbox 277 938 1346 1031; baseline -0.009 -20"><span class='ocrx_word' id='word_1_58' title='bbox 277 947 340 1011; x_wconf 90' lang='lat' dir='ltr'><strong>duo</strong></span> <span class='ocrx_word' id='word_1_59' title='bbox 355 955 387 1007; x_wconf 85' lang='lat' dir='ltr'><strong>et</strong></span> <span class='ocrx_word' id='word_1_60' title='bbox 400 943 630 1031; x_wconf 78' lang='lat' dir='ltr'><strong>quinquaginta</strong></span> <span class='ocrx_word' id='word_1_61' title='bbox 637 941 837 1006; x_wconf 77' lang='lat' dir='ltr'><strong>ceciderunt.</strong></span> <span class='ocrx_word' id='word_1_62' title='bbox 883 941 987 1025; x_wconf 85' lang='lat' dir='ltr'><strong>Super</strong></span> <span class='ocrx_word' id='word_1_63' title='bbox 1001 952 1066 1004; x_wconf 85' lang='lat' dir='ltr'><strong>tam</strong></span> <span class='ocrx_word' id='word_1_64' title='bbox 1081 940 1259 1004; x_wconf 80' lang='lat' dir='ltr'><strong>evidentem</strong></span> <span class='ocrx_word' id='word_1_65' title='bbox 1274 938 1346 1003; x_wconf 88' lang='lat' dir='ltr'><strong>tris·</strong></span> 
     </span>
    </p>
   </div>
   <div class='ocr_carea' id='block_1_3' title="bbox 276 1025 1345 1202">
    <p class='ocr_par' dir='ltr' id='par_1_6' title="bbox 276 1025 1345 1202">
     <span class='ocr_line' id='line_1_9' title="bbox 277 1025 1345 1111; baseline -0.008 -15"><span class='ocrx_word' id='word_1_66' title='bbox 277 1029 445 1097; x_wconf 67' lang='lat' dir='ltr'><strong>tis&#39;omrais</strong></span> <span class='ocrx_word' id='word_1_67' title='bbox 460 1046 618 1107; x_wconf 85' lang='lat' dir='ltr'><strong>eventum,</strong></span> <span class='ocrx_word' id='word_1_68' title='bbox 631 1029 725 1094; x_wconf 84' lang='lat' dir='ltr'><strong>ctiam</strong></span> <span class='ocrx_word' id='word_1_69' title='bbox 741 1046 781 1090; x_wconf 83' lang='lat' dir='ltr'><strong>ex</strong></span> <span class='ocrx_word' id='word_1_70' title='bbox 798 1026 937 1111; x_wconf 89' lang='lat' dir='ltr'><strong>pullario</strong></span> <span class='ocrx_word' id='word_1_71' title='bbox 952 1026 1094 1091; x_wconf 91' lang='lat' dir='ltr'><strong>auditum</strong></span> <span class='ocrx_word' id='word_1_72' title='bbox 1110 1037 1166 1102; x_wconf 86' lang='lat' dir='ltr'><strong>est,</strong></span> <span class='ocrx_word' id='word_1_73' title='bbox 1183 1025 1294 1088; x_wconf 80' lang='lat' dir='ltr'><strong>vitium</strong></span> <span class='ocrx_word' id='word_1_74' title='bbox 1311 1025 1345 1087; x_wconf 90' lang='lat' dir='ltr'><strong>ia</strong></span> 
     </span>
     <span class='ocr_line' id='line_1_10' title="bbox 276 1110 1344 1202; baseline -0.008 -20"><span class='ocrx_word' id='word_1_75' title='bbox 276 1117 426 1198; x_wconf 87' lang='lat' dir='ltr'><strong>auspicio·</strong></span> <span class='ocrx_word' id='word_1_76' title='bbox 442 1114 557 1192; x_wconf 85' lang='lat' dir='ltr'><strong>Iuisse;</strong></span> <span class='ocrx_word' id='word_1_77' title='bbox 580 1136 639 1181; x_wconf 88' lang='lat' dir='ltr'><strong>nec</strong></span> <span class='ocrx_word' id='word_1_78' title='bbox 663 1115 696 1179; x_wconf 93' lang='lat' dir='ltr'><strong>id</strong></span> <span class='ocrx_word' id='word_1_79' title='bbox 721 1113 883 1178; x_wconf 84' lang='lat' dir='ltr'><strong>consulem</strong></span> <span class='ocrx_word' id='word_1_80' title='bbox 909 1115 1079 1202; x_wconf 75' lang='lat' dir='ltr'><strong>ignorasse.</strong></span> <span class='ocrx_word' id='word_1_81' title='bbox 1125 1112 1165 1177; x_wconf 80' lang='lat' dir='ltr'><strong>C.</strong></span> <span class='ocrx_word' id='word_1_82' title='bbox 1185 1110 1344 1187; x_wconf 81' lang='lat' dir='ltr'><strong>Valerius,</strong></span> 
     </span>
    </p>
   </div>
   <div class='ocr_carea' id='block_1_4' title="bbox 276 1199 920 1325">
    <p class='ocr_par' dir='ltr' id='par_1_7' title="bbox 276 1199 920 1325">
     <span class='ocr_line' id='line_1_11' title="bbox 276 1199 386 1269; baseline -0.018 0"><span class='ocrx_word' id='word_1_83' title='bbox 276 1199 386 1269; x_wconf 86' lang='lat' dir='ltr'><strong>audita</strong></span> 
     </span>
     <span class='ocr_line' id='line_1_12' title="bbox 700 1287 920 1325; baseline 0 0"><span class='ocrx_word' id='word_1_84' title='bbox 700 1287 732 1325; x_wconf 50' lang='grc' dir='ltr'><strong>ἓν</strong></span> <span class='ocrx_word' id='word_1_85' title='bbox 800 1288 820 1325; x_wconf 66' lang='lat'><strong>{¹</strong></span> <span class='ocrx_word' id='word_1_86' title='bbox 900 1288 920 1325; x_wconf 55' lang='grc' dir='ltr'><strong><em>ἃ</em></strong></span> 
     </span>
    </p>
   </div>
   <div class='ocr_carea' id='block_1_5' title="bbox 277 1468 1346 1735">
    <p class='ocr_par' dir='ltr' id='par_1_8' title="bbox 277 1468 1346 1735">
     <span class='ocr_line' id='line_1_13' title="bbox 277 1468 1346 1563; baseline -0.006 -25"><span class='ocrx_word' id='word_1_87' title='bbox 277 1472 400 1559; x_wconf 79' lang='lat' dir='ltr'><strong>”periti</strong></span> <span class='ocrx_word' id='word_1_88' title='bbox 415 1472 606 1563; x_wconf 80' lang='lat' dir='ltr'><strong>religionum</strong></span> <span class='ocrx_word' id='word_1_89' title='bbox 623 1473 769 1561; x_wconf 89' lang='lat' dir='ltr'><strong>jurisque</strong></span> <span class='ocrx_word' id='word_1_90' title='bbox 788 1470 919 1557; x_wconf 87' lang='lat' dir='ltr'><strong>publici,</strong></span> <span class='ocrx_word' id='word_1_91' title='bbox 936 1472 1063 1557; x_wconf 87' lang='lat' dir='ltr'><strong>quando</strong></span> <span class='ocrx_word' id='word_1_92' title='bbox 1085 1472 1149 1537; x_wconf 89' lang='lat' dir='ltr'><strong>duo</strong></span> <span class='ocrx_word' id='word_1_93' title='bbox 1161 1468 1346 1535; x_wconf 78' lang='lat' dir='ltr'><strong>”ordinarii</strong></span> 
     </span>
     <span class='ocr_line' id='line_1_14' title="bbox 279 1554 1346 1646; baseline -0.002 -23"><span class='ocrx_word' id='word_1_94' title='bbox 279 1559 423 1623; x_wconf 85' lang='lat' dir='ltr'><strong>consules</strong></span> <span class='ocrx_word' id='word_1_95' title='bbox 437 1563 503 1646; x_wconf 87' lang='lat' dir='ltr'><strong>ejus</strong></span> <span class='ocrx_word' id='word_1_96' title='bbox 518 1559 604 1636; x_wconf 90' lang='lat' dir='ltr'><strong>anni,</strong></span> <span class='ocrx_word' id='word_1_97' title='bbox 621 1562 700 1623; x_wconf 88' lang='lat' dir='ltr'><strong>alter</strong></span> <span class='ocrx_word' id='word_1_98' title='bbox 716 1558 839 1637; x_wconf 90' lang='lat' dir='ltr'><strong>morbo,</strong></span> <span class='ocrx_word' id='word_1_99' title='bbox 855 1558 934 1622; x_wconf 89' lang='lat' dir='ltr'><strong>alter</strong></span> <span class='ocrx_word' id='word_1_100' title='bbox 948 1557 1033 1622; x_wconf 82' lang='lat' dir='ltr'><strong>ferro</strong></span> <span class='ocrx_word' id='word_1_101' title='bbox 1055 1558 1207 1641; x_wconf 84' lang='lat' dir='ltr'><strong>periisset,</strong></span> <span class='ocrx_word' id='word_1_102' title='bbox 1224 1554 1346 1622; x_wconf 84' lang='lat' dir='ltr'><strong>subfec-</strong></span> 
     </span>
     <span class='ocr_line' id='line_1_15' title="bbox 279 1644 1210 1735; baseline -0.004 -23"><span class='ocrx_word' id='word_1_103' title='bbox 279 1659 354 1712; x_wconf 77' lang='lat' dir='ltr'><strong>tum‘</strong></span> <span class='ocrx_word' id='word_1_104' title='bbox 364 1647 525 1712; x_wconf 86' lang='lat' dir='ltr'><strong>consulem</strong></span> <span class='ocrx_word' id='word_1_105' title='bbox 541 1645 701 1735; x_wconf 80' lang='lat' dir='ltr'><strong>negabant</strong></span> <span class='ocrx_word' id='word_1_106' title='bbox 714 1653 820 1711; x_wconf 86' lang='lat' dir='ltr'><strong>recte‘</strong></span> <span class='ocrx_word' id='word_1_107' title='bbox 835 1645 964 1709; x_wconf 89' lang='lat' dir='ltr'><strong>comitia</strong></span> <span class='ocrx_word' id='word_1_108' title='bbox 978 1644 1095 1709; x_wconf 88' lang='lat' dir='ltr'><strong>habere</strong></span> <span class='ocrx_word' id='word_1_109' title='bbox 1109 1662 1210 1730; x_wconf 87' lang='lat' dir='ltr'><strong>posse.</strong></span> 
     </span>
    </p>
   </div>
   <div class='ocr_carea' id='block_1_6' title="bbox 702 1797 920 1835">
    <p class='ocr_par' dir='ltr' id='par_1_9' title="bbox 702 1797 920 1835">
     <span class='ocr_line' id='line_1_16' title="bbox 702 1797 920 1835; baseline -0.005 0"><span class='ocrx_word' id='word_1_110' title='bbox 702 1800 721 1835; x_wconf 77' lang='lat' dir='ltr'><strong>’k</strong></span> <span class='ocrx_word' id='word_1_111' title='bbox 804 1799 823 1834; x_wconf 72' lang='lat' dir='ltr'><strong>*I-</strong></span> <span class='ocrx_word' id='word_1_112' title='bbox 904 1797 920 1834; x_wconf 71' lang='lat'><strong>¹!</strong></span> 
     </span>
    </p>
   </div>
   <div class='ocr_carea' id='block_1_7' title="bbox 120 1899 1455 3444">
    <p class='ocr_par' dir='ltr' id='par_1_10' title="bbox 278 1899 423 1965">
     <span class='ocr_line' id='line_1_17' title="bbox 278 1899 423 1965; baseline 0.021 -3"><span class='ocrx_word' id='word_1_113' title='bbox 278 1899 423 1965; x_wconf 85' lang='lat' dir='ltr'><strong>deduxit.</strong></span> 
     </span>
    </p>

    <p class='ocr_par' dir='ltr' id='par_1_11' title="bbox 279 1976 1350 2329">
     <span class='ocr_line' id='line_1_18' title="bbox 322 1976 1346 2070; baseline 0.001 -22"><span class='ocrx_word' id='word_1_114' title='bbox 322 1976 421 2049; x_wconf 87' lang='lat' dir='ltr'><strong>XIX.</strong></span> <span class='ocrx_word' id='word_1_115' title='bbox 445 1986 497 2048; x_wconf 91' lang='lat' dir='ltr'><strong>Cis</strong></span> <span class='ocrx_word' id='word_1_116' title='bbox 519 1986 724 2070; x_wconf 85' lang='lat' dir='ltr'><strong>Apenninum</strong></span> <span class='ocrx_word' id='word_1_117' title='bbox 746 1983 873 2061; x_wconf 86' lang='lat' dir='ltr'><strong>Garuli,</strong></span> <span class='ocrx_word' id='word_1_118' title='bbox 889 1994 921 2046; x_wconf 88' lang='lat' dir='ltr'><strong>et</strong></span> <span class='ocrx_word' id='word_1_119' title='bbox 943 1981 1100 2068; x_wconf 82' lang='lat' dir='ltr'><strong>Lapicini,</strong></span> <span class='ocrx_word' id='word_1_120' title='bbox 1118 1995 1150 2046; x_wconf 86' lang='lat' dir='ltr'><strong>et</strong></span> <span class='ocrx_word' id='word_1_121' title='bbox 1172 1982 1346 2061; x_wconf 83' lang='lat' dir='ltr'><strong>Hercates&#39;3</strong></span> 
     </span>
     <span class='ocr_line' id='line_1_19' title="bbox 279 2068 1349 2153; baseline -0.002 -18"><span class='ocrx_word' id='word_1_122' title='bbox 279 2081 368 2135; x_wconf 81' lang='lat' dir='ltr'><strong>trans</strong></span> <span class='ocrx_word' id='word_1_123' title='bbox 383 2072 589 2153; x_wconf 84' lang='lat' dir='ltr'><strong>Apenninum</strong></span> <span class='ocrx_word' id='word_1_124' title='bbox 605 2071 765 2135; x_wconf 84' lang='lat' dir='ltr'><strong>Briniates</strong></span> <span class='ocrx_word' id='word_1_125' title='bbox 779 2068 917 2153; x_wconf 60' lang='lat' dir='ltr'><strong>fuerant.</strong></span> <span class='ocrx_word' id='word_1_126' title='bbox 958 2069 1076 2132; x_wconf 73' lang='lat' dir='ltr'><strong>”later</strong></span> <span class='ocrx_word' id='word_1_127' title='bbox 1091 2069 1260 2134; x_wconf 83' lang='lat' dir='ltr'><strong>Audenam</strong></span> <span class='ocrx_word' id='word_1_128' title='bbox 1280 2091 1349 2134; x_wconf 86' lang='lat' dir='ltr'><strong>am·</strong></span> 
     </span>
     <span class='ocr_line' id='line_1_20' title="bbox 279 2153 1349 2240; baseline -0.001 -20"><span class='ocrx_word' id='word_1_129' title='bbox 279 2176 355 2220; x_wconf 86' lang='lat' dir='ltr'><strong>nem</strong></span> <span class='ocrx_word' id='word_1_130' title='bbox 386 2155 424 2220; x_wconf 89' lang='lat' dir='ltr'><strong>P.</strong></span> <span class='ocrx_word' id='word_1_131' title='bbox 449 2155 577 2219; x_wconf 90' lang='lat' dir='ltr'><strong>Mucius</strong></span> <span class='ocrx_word' id='word_1_132' title='bbox 604 2177 677 2219; x_wconf 91' lang='lat' dir='ltr'><strong>cum</strong></span> <span class='ocrx_word' id='word_1_133' title='bbox 701 2156 749 2232; x_wconf 90' lang='lat' dir='ltr'><strong>iis,</strong></span> <span class='ocrx_word' id='word_1_134' title='bbox 772 2156 826 2240; x_wconf 91' lang='lat' dir='ltr'><strong>qui</strong></span> <span class='ocrx_word' id='word_1_135' title='bbox 850 2154 979 2218; x_wconf 87' lang='lat' dir='ltr'><strong>Lunam</strong></span> <span class='ocrx_word' id='word_1_136' title='bbox 1002 2153 1152 2239; x_wconf 88' lang='lat' dir='ltr'><strong>Pisasque</strong></span> <span class='ocrx_word' id='word_1_137' title='bbox 1172 2155 1349 2239; x_wconf 82' lang='lat' dir='ltr'><strong>depopula-</strong></span> 
     </span>
     <span class='ocr_line' id='line_1_21' title="bbox 279 2240 1350 2329; baseline -0.001 -23"><span class='ocrx_word' id='word_1_138' title='bbox 279 2243 306 2306; x_wconf 84' lang='lat' dir='ltr'><strong>ti</strong></span> <span class='ocrx_word' id='word_1_139' title='bbox 331 2255 432 2319; x_wconf 89' lang='lat' dir='ltr'><strong>erant,</strong></span> <span class='ocrx_word' id='word_1_140' title='bbox 461 2241 581 2305; x_wconf 89' lang='lat' dir='ltr'><strong>bellurn</strong></span> <span class='ocrx_word' id='word_1_141' title='bbox 607 2241 723 2329; x_wconf 78' lang='lat' dir='ltr'><strong>gessitt</strong></span> <span class='ocrx_word' id='word_1_142' title='bbox 762 2240 972 2326; x_wconf 87' lang='lat' dir='ltr'><strong>omnibusque</strong></span> <span class='ocrx_word' id='word_1_143' title='bbox 1000 2242 1033 2302; x_wconf 91' lang='lat' dir='ltr'><strong>in</strong></span> <span class='ocrx_word' id='word_1_144' title='bbox 1059 2240 1213 2304; x_wconf 82' lang='lat' dir='ltr'><strong>ditionem</strong></span> <span class='ocrx_word' id='word_1_145' title='bbox 1239 2240 1350 2305; x_wconf 82' lang='lat' dir='ltr'><strong>redac-</strong></span> 
     </span>
    </p>

    <p class='ocr_par' dir='ltr' id='par_1_12' title="bbox 214 2316 1455 2756">
     <span class='ocr_line' id='line_1_22' title="bbox 214 2316 1350 2415; baseline -0.003 -21"><span class='ocrx_word' id='word_1_146' title='bbox 214 2316 226 2349; x_wconf 77' lang='lat' dir='ltr'><em>s</em></span> <span class='ocrx_word' id='word_1_147' title='bbox 279 2328 320 2394; x_wconf 89' lang='lat' dir='ltr'><strong>tis</strong></span> <span class='ocrx_word' id='word_1_148' title='bbox 335 2348 422 2394; x_wconf 85' lang='lat' dir='ltr'><strong>arma</strong></span> <span class='ocrx_word' id='word_1_149' title='bbox 437 2329 565 2394; x_wconf 86' lang='lat' dir='ltr'><strong>ademit.</strong></span> <span class='ocrx_word' id='word_1_150' title='bbox 611 2327 664 2394; x_wconf 94' lang='lat' dir='ltr'><strong>Ob</strong></span> <span class='ocrx_word' id='word_1_151' title='bbox 679 2350 730 2393; x_wconf 87' lang='lat' dir='ltr'><strong>eas</strong></span> <span class='ocrx_word' id='word_1_152' title='bbox 747 2349 807 2405; x_wconf 88' lang='lat' dir='ltr'><strong>res,</strong></span> <span class='ocrx_word' id='word_1_153' title='bbox 823 2327 856 2391; x_wconf 93' lang='lat' dir='ltr'><strong>in</strong></span> <span class='ocrx_word' id='word_1_154' title='bbox 873 2326 977 2391; x_wconf 88' lang='lat' dir='ltr'><strong>Gallia</strong></span> <span class='ocrx_word' id='word_1_155' title='bbox 993 2325 1231 2414; x_wconf 83' lang='lat' dir='ltr'><strong>Liguribusque</strong></span> <span class='ocrx_word' id='word_1_156' title='bbox 1246 2338 1350 2415; x_wconf 82' lang='lat' dir='ltr'><strong>gestas</strong></span> 
     </span>
     <span class='ocr_line' id='line_1_23' title="bbox 281 2414 1350 2500; baseline -0.003 -19"><span class='ocrx_word' id='word_1_157' title='bbox 281 2414 420 2481; x_wconf 90' lang='lat' dir='ltr'><strong>duorum</strong></span> <span class='ocrx_word' id='word_1_158' title='bbox 444 2416 612 2481; x_wconf 89' lang='lat' dir='ltr'><strong>consulum</strong></span> <span class='ocrx_word' id='word_1_159' title='bbox 637 2415 737 2479; x_wconf 90' lang='lat' dir='ltr'><strong>ductu</strong></span> <span class='ocrx_word' id='word_1_160' title='bbox 760 2414 974 2500; x_wconf 87' lang='lat' dir='ltr'><strong>auspicioque,</strong></span> <span class='ocrx_word' id='word_1_161' title='bbox 1000 2426 1126 2477; x_wconf 88' lang='lat' dir='ltr'><strong>senatus</strong></span> <span class='ocrx_word' id='word_1_162' title='bbox 1150 2414 1184 2477; x_wconf 93' lang='lat' dir='ltr'><strong>in</strong></span> <span class='ocrx_word' id='word_1_163' title='bbox 1208 2416 1350 2479; x_wconf 82' lang='lat' dir='ltr'><strong>triduum</strong></span> 
     </span>
     <span class='ocr_line' id='line_1_24' title="bbox 281 2499 1350 2587; baseline -0.001 -22"><span class='ocrx_word' id='word_1_164' title='bbox 281 2503 529 2587; x_wconf 84' lang='lat' dir='ltr'><strong>supplicationes</strong></span> <span class='ocrx_word' id='word_1_165' title='bbox 557 2502 708 2578; x_wconf 86' lang='lat' dir='ltr'><strong>decrevit,</strong></span> <span class='ocrx_word' id='word_1_166' title='bbox 738 2512 770 2563; x_wconf 83' lang='lat' dir='ltr'><strong>et</strong></span> <span class='ocrx_word' id='word_1_167' title='bbox 799 2499 1011 2586; x_wconf 85' lang='lat' dir='ltr'><strong>quadraginta</strong></span> <span class='ocrx_word' id='word_1_168' title='bbox 1038 2499 1149 2563; x_wconf 89' lang='lat' dir='ltr'><strong>hostiis</strong></span> <span class='ocrx_word' id='word_1_169' title='bbox 1178 2500 1350 2564; x_wconf 85' lang='lat' dir='ltr'><strong>sacrificari</strong></span> 
     </span>
     <span class='ocr_line' id='line_1_25' title="bbox 279 2584 1351 2670; baseline 0.003 -23"><span class='ocrx_word' id='word_1_170' title='bbox 279 2589 383 2670; x_wconf 89' lang='lat' dir='ltr'><strong>jussit.</strong></span> <span class='ocrx_word' id='word_1_171' title='bbox 429 2588 473 2649; x_wconf 87' lang='lat' dir='ltr'><strong>Et</strong></span> <span class='ocrx_word' id='word_1_172' title='bbox 495 2587 651 2648; x_wconf 88' lang='lat' dir='ltr'><strong>tumultus</strong></span> <span class='ocrx_word' id='word_1_173' title='bbox 680 2586 809 2670; x_wconf 89' lang='lat' dir='ltr'><strong>quidem</strong></span> <span class='ocrx_word' id='word_1_174' title='bbox 840 2584 980 2648; x_wconf 87' lang='lat' dir='ltr'><strong>Gallicus</strong></span> <span class='ocrx_word' id='word_1_175' title='bbox 1009 2596 1041 2648; x_wconf 82' lang='lat' dir='ltr'><strong>et</strong></span> <span class='ocrx_word' id='word_1_176' title='bbox 1067 2586 1264 2668; x_wconf 81' lang='lat' dir='ltr'><strong>Ligustinus,</strong></span> <span class='ocrx_word' id='word_1_177' title='bbox 1295 2589 1351 2670; x_wconf 91' lang='lat' dir='ltr'><strong>qui</strong></span> 
     </span>
     <span class='ocr_line' id='line_1_26' title="bbox 283 2667 1455 2756; baseline 0.003 -24"><span class='ocrx_word' id='word_1_178' title='bbox 283 2671 443 2754; x_wconf 83' lang='lat' dir='ltr'><strong>priocipio</strong></span> <span class='ocrx_word' id='word_1_179' title='bbox 459 2672 525 2755; x_wconf 88' lang='lat' dir='ltr'><strong>ejus</strong></span> <span class='ocrx_word' id='word_1_180' title='bbox 540 2671 616 2732; x_wconf 90' lang='lat' dir='ltr'><strong>anni</strong></span> <span class='ocrx_word' id='word_1_181' title='bbox 630 2682 761 2731; x_wconf 88' lang='lat' dir='ltr'><strong>exortus</strong></span> <span class='ocrx_word' id='word_1_182' title='bbox 775 2667 890 2750; x_wconf 84' lang='lat' dir='ltr'><strong>fuerat,</strong></span> <span class='ocrx_word' id='word_1_183' title='bbox 905 2668 992 2733; x_wconf 89' lang='lat' dir='ltr'><strong>hautl</strong></span> <span class='ocrx_word' id='word_1_184' title='bbox 1011 2691 1129 2756; x_wconf 79' lang='lat' dir='ltr'><strong>magno</strong></span> <span class='ocrx_word' id='word_1_185' title='bbox 1149 2682 1265 2734; x_wconf 90' lang='lat' dir='ltr'><strong>conatu</strong></span> <span class='ocrx_word' id='word_1_186' title='bbox 1280 2673 1352 2736; x_wconf 87' lang='lat' dir='ltr'><strong>bre·</strong></span> <span class='ocrx_word' id='word_1_187' title='bbox 1451 2695 1455 2703; x_wconf 74' lang='grc'><em>“</em></span> 
     </span>
    </p>

    <p class='ocr_par' dir='ltr' id='par_1_13' title="bbox 120 2751 1354 3444">
     <span class='ocr_line' id='line_1_27' title="bbox 121 2751 1352 2840; baseline 0.001 -20"><span class='ocrx_word' id='word_1_188' title='bbox 121 2769 217 2820; x_wconf 76' lang='lat' dir='ltr'><strong>nauum</strong></span> <span class='ocrx_word' id='word_1_189' title='bbox 228 2768 265 2814; x_wconf 88' lang='lat' dir='ltr'><strong>in-</strong></span> <span class='ocrx_word' id='word_1_190' title='bbox 283 2759 315 2819; x_wconf 90' lang='lat' dir='ltr'><strong>vi</strong></span> <span class='ocrx_word' id='word_1_191' title='bbox 330 2758 498 2839; x_wconf 87' lang='lat' dir='ltr'><strong>obpressus</strong></span> <span class='ocrx_word' id='word_1_192' title='bbox 513 2768 591 2818; x_wconf 85' lang='lat' dir='ltr'><strong>erat.</strong></span> <span class='ocrx_word' id='word_1_193' title='bbox 637 2753 719 2817; x_wconf 91' lang='lat' dir='ltr'><strong>Belli</strong></span> <span class='ocrx_word' id='word_1_194' title='bbox 733 2751 936 2817; x_wconf 88' lang='lat' dir='ltr'><strong>Macedonici</strong></span> <span class='ocrx_word' id='word_1_195' title='bbox 952 2755 1078 2820; x_wconf 90' lang='lat' dir='ltr'><strong>subibat</strong></span> <span class='ocrx_word' id='word_1_196' title='bbox 1087 2754 1155 2840; x_wconf 87' lang='lat' dir='ltr'><strong>jam</strong></span> <span class='ocrx_word' id='word_1_197' title='bbox 1171 2777 1259 2834; x_wconf 85' lang='lat' dir='ltr'><strong>cura,</strong></span> <span class='ocrx_word' id='word_1_198' title='bbox 1276 2758 1352 2821; x_wconf 89' lang='lat' dir='ltr'><strong>mis·</strong></span> 
     </span>
     <span class='ocr_line' id='line_1_28' title="bbox 120 2833 1350 2927; baseline 0.002 -21"><span class='ocrx_word' id='word_1_199' title='bbox 120 2844 159 2882; x_wconf 52' lang='grc' dir='ltr'><strong>ω’</strong></span> <span class='ocrx_word' id='word_1_200' title='bbox 169 2833 262 2881; x_wconf 61' lang='grc' dir='ltr'><strong>Μ’·</strong></span> <span class='ocrx_word' id='word_1_201' title='bbox 284 2855 375 2906; x_wconf 87' lang='lat' dir='ltr'><strong>cente</strong></span> <span class='ocrx_word' id='word_1_202' title='bbox 391 2842 508 2905; x_wconf 90' lang='lat' dir='ltr'><strong>Perseo</strong></span> <span class='ocrx_word' id='word_1_203' title='bbox 522 2841 605 2903; x_wconf 86' lang='lat' dir='ltr'><strong>inter</strong></span> <span class='ocrx_word' id='word_1_204' title='bbox 619 2838 788 2903; x_wconf 90' lang='lat' dir='ltr'><strong>Dardanos</strong></span> <span class='ocrx_word' id='word_1_205' title='bbox 802 2841 1036 2927; x_wconf 86' lang='lat' dir='ltr'><strong>Bastarnasque</strong></span> <span class='ocrx_word' id='word_1_206' title='bbox 1047 2843 1236 2905; x_wconf 86' lang='lat' dir='ltr'><strong>certamina:</strong></span> <span class='ocrx_word' id='word_1_207' title='bbox 1260 2858 1292 2907; x_wconf 87' lang='lat' dir='ltr'><strong>et</strong></span> <span class='ocrx_word' id='word_1_208' title='bbox 1305 2844 1350 2908; x_wconf 80' lang='lat' dir='ltr'><strong>le·</strong></span> 
     </span>
     <span class='ocr_line' id='line_1_29' title="bbox 120 2899 1350 3017; baseline 0.002 -26"><span class='ocrx_word' id='word_1_209' title='bbox 120 2899 269 3011; x_wconf 58' lang='lat' dir='ltr'><strong>mn*</strong></span> <span class='ocrx_word' id='word_1_210' title='bbox 282 2929 359 3017; x_wconf 79' lang='lat' dir='ltr'><strong>gaii,</strong></span> <span class='ocrx_word' id='word_1_211' title='bbox 375 2929 429 3014; x_wconf 93' lang='lat' dir='ltr'><strong>qui</strong></span> <span class='ocrx_word' id='word_1_212' title='bbox 453 2927 539 2989; x_wconf 87' lang='lat' dir='ltr'><strong>raissi</strong></span> <span class='ocrx_word' id='word_1_213' title='bbox 561 2925 601 2989; x_wconf 88' lang='lat' dir='ltr'><strong>ad</strong></span> <span class='ocrx_word' id='word_1_214' title='bbox 625 2947 673 2990; x_wconf 87' lang='lat' dir='ltr'><strong>res</strong></span> <span class='ocrx_word' id='word_1_215' title='bbox 695 2925 839 2990; x_wconf 85' lang='lat' dir='ltr'><strong>visendas</strong></span> <span class='ocrx_word' id='word_1_216' title='bbox 860 2927 892 2989; x_wconf 92' lang='lat' dir='ltr'><strong>in</strong></span> <span class='ocrx_word' id='word_1_217' title='bbox 918 2926 1141 2992; x_wconf 81' lang='lat' dir='ltr'><strong>Macedoniam</strong></span> <span class='ocrx_word' id='word_1_218' title='bbox 1165 2940 1264 3006; x_wconf 86' lang='lat' dir='ltr'><strong>erant,</strong></span> <span class='ocrx_word' id='word_1_219' title='bbox 1282 2932 1350 3016; x_wconf 89' lang='lat' dir='ltr'><strong>jam</strong></span> 
     </span>
     <span class='ocr_line' id='line_1_30' title="bbox 282 3013 1352 3098; baseline 0 -18"><span class='ocrx_word' id='word_1_220' title='bbox 282 3023 478 3079; x_wconf 83' lang='lat' dir='ltr'><strong>reverterant</strong></span> <span class='ocrx_word' id='word_1_221' title='bbox 495 3013 644 3092; x_wconf 89' lang='lat' dir='ltr'><strong>Romam,</strong></span> <span class='ocrx_word' id='word_1_222' title='bbox 659 3013 1125 3098; x_wconf 82' lang='lat' dir='ltr'><strong>renunciaverantque,·bellum</strong></span> <span class='ocrx_word' id='word_1_223' title='bbox 1143 3016 1174 3078; x_wconf 92' lang='lat' dir='ltr'><strong>in</strong></span> <span class='ocrx_word' id='word_1_224' title='bbox 1186 3015 1352 3080; x_wconf 86' lang='lat' dir='ltr'><strong>Dardania</strong></span> 
     </span>
     <span class='ocr_line' id='line_1_31' title="bbox 283 3098 1352 3186; baseline -0.001 -20"><span class='ocrx_word' id='word_1_225' title='bbox 283 3124 362 3166; x_wconf 86' lang='lat' dir='ltr'><strong>esse.</strong></span> <span class='ocrx_word' id='word_1_226' title='bbox 408 3098 510 3165; x_wconf 87' lang='lat' dir='ltr'><strong>Simul</strong></span> <span class='ocrx_word' id='word_1_227' title='bbox 522 3109 674 3162; x_wconf 84' lang='lat' dir='ltr'><strong>venerant</strong></span> <span class='ocrx_word' id='word_1_228' title='bbox 689 3110 720 3162; x_wconf 90' lang='lat' dir='ltr'><strong>et</strong></span> <span class='ocrx_word' id='word_1_229' title='bbox 734 3098 775 3162; x_wconf 84' lang='lat' dir='ltr'><strong>ab</strong></span> <span class='ocrx_word' id='word_1_230' title='bbox 791 3120 865 3184; x_wconf 81' lang='lat' dir='ltr'><strong>rege</strong></span> <span class='ocrx_word' id='word_1_231' title='bbox 878 3098 993 3163; x_wconf 83' lang='lat' dir='ltr'><strong>Perseo</strong></span> <span class='ocrx_word' id='word_1_232' title='bbox 1004 3113 1156 3177; x_wconf 89' lang='lat' dir='ltr'><strong>oratores,</strong></span> <span class='ocrx_word' id='word_1_233' title='bbox 1173 3103 1193 3134; x_wconf 84' lang='lat'><strong>⁸⁰</strong></span> <span class='ocrx_word' id='word_1_234' title='bbox 1203 3103 1259 3186; x_wconf 92' lang='lat' dir='ltr'><strong>qui</strong></span> <span class='ocrx_word' id='word_1_235' title='bbox 1273 3123 1352 3185; x_wconf 90' lang='lat' dir='ltr'><strong>pur-</strong></span> 
     </span>
     <span class='ocr_line' id='line_1_32' title="bbox 283 3183 1354 3275; baseline 0 -24"><span class='ocrx_word' id='word_1_236' title='bbox 283 3198 407 3275; x_wconf 85' lang='lat' dir='ltr'><strong>garent,</strong></span> <span class='ocrx_word' id='word_1_237' title='bbox 423 3205 483 3248; x_wconf 84' lang='lat' dir='ltr'><strong>nec</strong></span> <span class='ocrx_word' id='word_1_238' title='bbox 503 3183 624 3248; x_wconf 88' lang='lat' dir='ltr'><strong>adcitos</strong></span> <span class='ocrx_word' id='word_1_239' title='bbox 645 3183 684 3247; x_wconf 87' lang='lat' dir='ltr'><strong>ab</strong></span> <span class='ocrx_word' id='word_1_240' title='bbox 705 3207 745 3248; x_wconf 87' lang='lat' dir='ltr'><strong>eo</strong></span> <span class='ocrx_word' id='word_1_241' title='bbox 771 3184 949 3262; x_wconf 88' lang='lat' dir='ltr'><strong>Bastarnas,</strong></span> <span class='ocrx_word' id='word_1_242' title='bbox 967 3208 1025 3249; x_wconf 88' lang='lat' dir='ltr'><strong>nec</strong></span> <span class='ocrx_word' id='word_1_243' title='bbox 1046 3197 1178 3250; x_wconf 87' lang='lat' dir='ltr'><strong>auctore</strong></span> <span class='ocrx_word' id='word_1_244' title='bbox 1198 3208 1237 3249; x_wconf 89' lang='lat' dir='ltr'><strong>eo</strong></span> <span class='ocrx_word' id='word_1_245' title='bbox 1258 3188 1354 3270; x_wconf 84' lang='lat' dir='ltr'><strong>quid·</strong></span> 
     </span>
     <span class='ocr_line' id='line_1_33' title="bbox 284 3270 1353 3360; baseline 0 -24"><span class='ocrx_word' id='word_1_246' title='bbox 284 3293 380 3360; x_wconf 83' lang='lat' dir='ltr'><strong>quam</strong></span> <span class='ocrx_word' id='word_1_247' title='bbox 396 3271 507 3334; x_wconf 85' lang='lat' dir='ltr'><strong>facere.</strong></span> <span class='ocrx_word' id='word_1_248' title='bbox 553 3271 687 3336; x_wconf 66' lang='lat' dir='ltr'><strong>&amp;natus</strong></span> <span class='ocrx_word' id='word_1_249' title='bbox 710 3293 769 3335; x_wconf 87' lang='lat' dir='ltr'><strong>nec</strong></span> <span class='ocrx_word' id='word_1_250' title='bbox 791 3270 936 3334; x_wconf 86' lang='lat' dir='ltr'><strong>liberavit</strong></span> <span class='ocrx_word' id='word_1_251' title='bbox 956 3273 1022 3355; x_wconf 90' lang='lat' dir='ltr'><strong>ejus</strong></span> <span class='ocrx_word' id='word_1_252' title='bbox 1044 3275 1148 3356; x_wconf 83' lang='lat' dir='ltr'><strong>culpoe</strong></span> <span class='ocrx_word' id='word_1_253' title='bbox 1163 3292 1280 3354; x_wconf 81' lang='lat' dir='ltr'><strong>regem,</strong></span> <span class='ocrx_word' id='word_1_254' title='bbox 1295 3293 1353 3337; x_wconf 89' lang='lat' dir='ltr'><strong>ne-</strong></span> 
     </span>
     <span class='ocr_line' id='line_1_34' title="bbox 284 3357 1353 3444; baseline 0.002 -22"><span class='ocrx_word' id='word_1_255' title='bbox 284 3380 347 3444; x_wconf 92' lang='lat' dir='ltr'><strong>que</strong></span> <span class='ocrx_word' id='word_1_256' title='bbox 361 3357 485 3443; x_wconf 79' lang='lat' dir='ltr'><strong>arguit:</strong></span> <span class='ocrx_word' id='word_1_257' title='bbox 507 3357 630 3420; x_wconf 87' lang='lat' dir='ltr'><strong>moueri</strong></span> <span class='ocrx_word' id='word_1_258' title='bbox 646 3379 720 3421; x_wconf 89' lang='lat' dir='ltr'><strong>eum</strong></span> <span class='ocrx_word' id='word_1_259' title='bbox 740 3358 961 3421; x_wconf 88' lang='lat' dir='ltr'><strong>tantummodo</strong></span> <span class='ocrx_word' id='word_1_260' title='bbox 970 3358 1078 3442; x_wconf 88' lang='lat' dir='ltr'><strong>jussit,</strong></span> <span class='ocrx_word' id='word_1_261' title='bbox 1093 3370 1130 3421; x_wconf 89' lang='lat' dir='ltr'><strong>ut</strong></span> <span class='ocrx_word' id='word_1_262' title='bbox 1150 3358 1243 3420; x_wconf 83' lang='lat' dir='ltr'><strong>etiam</strong></span> <span class='ocrx_word' id='word_1_263' title='bbox 1259 3373 1353 3444; x_wconf 87' lang='lat' dir='ltr'><strong>atque</strong></span> 
     </span>
    </p>
   </div>
   <div class='ocr_carea' id='block_1_8' title="bbox 284 3442 1352 3611">
    <p class='ocr_par' dir='ltr' id='par_1_14' title="bbox 284 3442 1352 3611">
     <span class='ocr_line' id='line_1_35' title="bbox 284 3442 1352 3531; baseline 0.002 -22"><span class='ocrx_word' id='word_1_264' title='bbox 284 3444 381 3509; x_wconf 88' lang='lat' dir='ltr'><strong>etiam</strong></span> <span class='ocrx_word' id='word_1_265' title='bbox 403 3456 539 3523; x_wconf 87' lang='lat' dir='ltr'><strong>curaret,</strong></span> <span class='ocrx_word' id='word_1_266' title='bbox 554 3444 572 3476; x_wconf 82' lang='lat'><strong>⁸¹</strong></span> <span class='ocrx_word' id='word_1_267' title='bbox 586 3457 621 3508; x_wconf 90' lang='lat' dir='ltr'><strong>ut</strong></span> <span class='ocrx_word' id='word_1_268' title='bbox 644 3457 789 3508; x_wconf 90' lang='lat' dir='ltr'><strong>sanctum</strong></span> <span class='ocrx_word' id='word_1_269' title='bbox 818 3442 949 3507; x_wconf 84' lang='lat' dir='ltr'><strong>haberet</strong></span> <span class='ocrx_word' id='word_1_270' title='bbox 969 3442 1086 3524; x_wconf 84' lang='lat' dir='ltr'><strong>foedus,</strong></span> <span class='ocrx_word' id='word_1_271' title='bbox 1113 3442 1200 3531; x_wconf 92' lang='lat' dir='ltr'><strong>quod</strong></span> <span class='ocrx_word' id='word_1_272' title='bbox 1223 3444 1252 3508; x_wconf 90' lang='lat' dir='ltr'><strong>ei</strong></span> <span class='ocrx_word' id='word_1_273' title='bbox 1278 3466 1352 3516; x_wconf 87' lang='lat' dir='ltr'><strong>cum</strong></span> 
     </span>
     <span class='ocr_line' id='line_1_36' title="bbox 659 3562 971 3611; baseline -0.006 0"><span class='ocrx_word' id='word_1_274' title='bbox 659 3567 672 3597; x_wconf 58' lang='grc' dir='ltr'><strong>θ</strong></span> <span class='ocrx_word' id='word_1_275' title='bbox 686 3567 748 3611; x_wconf 74' lang='lat' dir='ltr'><strong>rarle</strong></span> <span class='ocrx_word' id='word_1_276' title='bbox 757 3563 803 3611; x_wconf 77' lang='lat' dir='ltr'><strong>dul.</strong></span> <span class='ocrx_word' id='word_1_277' title='bbox 816 3564 889 3609; x_wconf 80' lang='lat' dir='ltr'><strong>Gron.</strong></span> <span class='ocrx_word' id='word_1_278' title='bbox 901 3562 971 3610; x_wconf 84' lang='lat' dir='ltr'><strong>Crer.</strong></span> 
     </span>
    </p>
   </div>
   <div class='ocr_carea' id='block_1_9' title="bbox 282 3683 1358 4452">
    <p class='ocr_par' dir='ltr' id='par_1_15' title="bbox 282 3683 1357 3876">
     <span class='ocr_line' id='line_1_37' title="bbox 315 3683 1355 3749; baseline 0.001 -18"><span class='ocrx_word' id='word_1_279' title='bbox 315 3683 348 3732; x_wconf 84' lang='lat' dir='ltr'><strong>rt</strong></span> <span class='ocrx_word' id='word_1_280' title='bbox 364 3683 445 3732; x_wconf 71' lang='lat' dir='ltr'><strong>Perat</strong></span> <span class='ocrx_word' id='word_1_281' title='bbox 464 3685 617 3749; x_wconf 67' lang='lat' dir='ltr'><strong>seigam]</strong></span> <span class='ocrx_word' id='word_1_282' title='bbox 638 3687 710 3733; x_wconf 85' lang='lat' dir='ltr'><strong>Hanc</strong></span> <span class='ocrx_word' id='word_1_283' title='bbox 728 3687 807 3746; x_wconf 77' lang='lat' dir='ltr'><strong>pet-io-</strong></span> <span class='ocrx_word' id='word_1_284' title='bbox 838 3683 956 3731; x_wconf 73' lang='lat' dir='ltr'><strong>AEmitius</strong></span> <span class='ocrx_word' id='word_1_285' title='bbox 974 3684 1097 3731; x_wconf 80' lang='lat' dir='ltr'><strong>Gallicam</strong></span> <span class='ocrx_word' id='word_1_286' title='bbox 1123 3687 1260 3732; x_wconf 81' lang='lat' dir='ltr'><strong>tumultum</strong></span> <span class='ocrx_word' id='word_1_287' title='bbox 1288 3698 1355 3732; x_wconf 85' lang='lat' dir='ltr'><strong>oom-</strong></span> 
     </span>
     <span class='ocr_line' id='line_1_38' title="bbox 282 3749 1357 3811; baseline -0.001 -14"><span class='ocrx_word' id='word_1_288' title='bbox 282 3750 344 3797; x_wconf 66' lang='grc' dir='ltr'><strong>Μ</strong></span> <span class='ocrx_word' id='word_1_289' title='bbox 360 3749 593 3810; x_wconf 64' lang='lat' dir='ltr'><strong>:parmidonum</strong></span> <span class='ocrx_word' id='word_1_290' title='bbox 612 3753 629 3798; x_wconf 90' lang='lat'><strong>1.</strong></span> <span class='ocrx_word' id='word_1_291' title='bbox 649 3751 751 3797; x_wconf 84' lang='lat' dir='ltr'><strong>xvttt.</strong></span> <span class='ocrx_word' id='word_1_292' title='bbox 770 3763 807 3795; x_wconf 79' lang='lat' dir='ltr'><strong>re-</strong></span> <span class='ocrx_word' id='word_1_293' title='bbox 838 3749 1357 3811; x_wconf 58' lang='lat' dir='ltr'><strong>meilnflguriaipnadumrm-</strong></span> 
     </span>
     <span class='ocr_line' id='line_1_39' title="bbox 283 3814 1357 3876; baseline 0.001 -15"><span class='ocrx_word' id='word_1_294' title='bbox 283 3820 380 3876; x_wconf 78' lang='lat' dir='ltr'><strong>partem</strong></span> <span class='ocrx_word' id='word_1_295' title='bbox 391 3827 436 3861; x_wconf 81' lang='lat' dir='ltr'><strong>tuo</strong></span> <span class='ocrx_word' id='word_1_296' title='bbox 446 3814 500 3860; x_wconf 84' lang='lat' dir='ltr'><strong>Ioco</strong></span> <span class='ocrx_word' id='word_1_297' title='bbox 509 3815 622 3875; x_wconf 75' lang='lat' dir='ltr'><strong>Sigonius</strong></span> <span class='ocrx_word' id='word_1_298' title='bbox 632 3815 742 3862; x_wconf 82' lang='lat' dir='ltr'><strong>inseruit.</strong></span> <span class='ocrx_word' id='word_1_299' title='bbox 840 3826 888 3871; x_wconf 87' lang='lat' dir='ltr'><strong>que</strong></span> <span class='ocrx_word' id='word_1_300' title='bbox 899 3814 1023 3873; x_wconf 81' lang='lat' dir='ltr'><strong>ApeanIm&#39;</strong></span> <span class='ocrx_word' id='word_1_301' title='bbox 1036 3814 1101 3860; x_wconf 72' lang='lat' dir='ltr'><strong>Intus</strong></span> <span class='ocrx_word' id='word_1_302' title='bbox 1117 3828 1188 3862; x_wconf 80' lang='lat' dir='ltr'><strong>erma</strong></span> <span class='ocrx_word' id='word_1_303' title='bbox 1200 3814 1357 3861; x_wconf 68' lang='lat' dir='ltr'><strong>circumtexta·</strong></span> 
     </span>
    </p>

    <p class='ocr_par' dir='ltr' id='par_1_16' title="bbox 282 3877 1358 4131">
     <span class='ocr_line' id='line_1_40' title="bbox 314 3877 883 3942; baseline -0.007 -14"><span class='ocrx_word' id='word_1_304' title='bbox 314 3878 349 3928; x_wconf 72' lang='grc'><strong>’18</strong></span> <span class='ocrx_word' id='word_1_305' title='bbox 372 3877 498 3925; x_wconf 66' lang='lat' dir='ltr'><strong>Ordisedi</strong></span> <span class='ocrx_word' id='word_1_306' title='bbox 534 3879 647 3942; x_wconf 68' lang='lat' dir='ltr'><strong>wanka]</strong></span> <span class='ocrx_word' id='word_1_307' title='bbox 682 3878 805 3925; x_wconf 64' lang='lat' dir='ltr'><strong>Ordiami</strong></span> <span class='ocrx_word' id='word_1_308' title='bbox 838 3884 883 3924; x_wconf 84' lang='lat' dir='ltr'><strong>rat.</strong></span> 
     </span>
     <span class='ocr_line' id='line_1_41' title="bbox 282 3941 1356 4005; baseline -0.003 -13"><span class='ocrx_word' id='word_1_309' title='bbox 282 3944 394 3992; x_wconf 80' lang='lat' dir='ltr'><strong>eonsules</strong></span> <span class='ocrx_word' id='word_1_310' title='bbox 411 3949 471 3990; x_wconf 84' lang='lat' dir='ltr'><strong>suat</strong></span> <span class='ocrx_word' id='word_1_311' title='bbox 489 3944 508 3989; x_wconf 86' lang='lat' dir='ltr'><strong>u</strong></span> <span class='ocrx_word' id='word_1_312' title='bbox 529 3944 572 4003; x_wconf 88' lang='lat' dir='ltr'><strong>qui</strong></span> <span class='ocrx_word' id='word_1_313' title='bbox 592 3943 677 4002; x_wconf 84' lang='lat' dir='ltr'><strong>primis</strong></span> <span class='ocrx_word' id='word_1_314' title='bbox 698 3941 805 3989; x_wconf 84' lang='lat' dir='ltr'><strong>comitiis</strong></span> <span class='ocrx_word' id='word_1_315' title='bbox 869 3942 902 3989; x_wconf 80' lang='lat'><strong>80</strong></span> <span class='ocrx_word' id='word_1_316' title='bbox 920 3942 973 3996; x_wconf 60' lang='lat' dir='ltr'><strong>Qui,</strong></span> <span class='ocrx_word' id='word_1_317' title='bbox 983 3949 1123 4004; x_wconf 73' lang='lat' dir='ltr'><strong>purgarent,</strong></span> <span class='ocrx_word' id='word_1_318' title='bbox 1134 3955 1175 3989; x_wconf 80' lang='lat' dir='ltr'><strong>aec</strong></span> <span class='ocrx_word' id='word_1_319' title='bbox 1191 3941 1286 4005; x_wconf 67' lang='lat' dir='ltr'><strong>eodm]</strong></span> <span class='ocrx_word' id='word_1_320' title='bbox 1306 3941 1356 3996; x_wconf 80' lang='lat' dir='ltr'><strong>Qui</strong></span> 
     </span>
     <span class='ocr_line' id='line_1_42' title="bbox 282 4007 1358 4067; baseline -0.003 -11"><span class='ocrx_word' id='word_1_321' title='bbox 282 4008 354 4056; x_wconf 79' lang='lat' dir='ltr'><strong>eiecti</strong></span> <span class='ocrx_word' id='word_1_322' title='bbox 369 4016 435 4055; x_wconf 72' lang='lat' dir='ltr'><strong>suaa</strong></span> <span class='ocrx_word' id='word_1_323' title='bbox 470 4008 505 4055; x_wconf 86' lang='lat' dir='ltr'><strong>Iis</strong></span> <span class='ocrx_word' id='word_1_324' title='bbox 520 4013 676 4067; x_wconf 77' lang='lat' dir='ltr'><strong>opponuntur</strong></span> <span class='ocrx_word' id='word_1_325' title='bbox 693 4007 805 4053; x_wconf 71' lang='lat' dir='ltr'><strong>camales</strong></span> <span class='ocrx_word' id='word_1_326' title='bbox 837 4007 869 4052; x_wconf 86' lang='lat' dir='ltr'><strong>sd</strong></span> <span class='ocrx_word' id='word_1_327' title='bbox 887 4009 1042 4066; x_wconf 78' lang='lat' dir='ltr'><strong>purgandum</strong></span> <span class='ocrx_word' id='word_1_328' title='bbox 1060 4015 1087 4053; x_wconf 82' lang='lat' dir='ltr'><strong>et</strong></span> <span class='ocrx_word' id='word_1_329' title='bbox 1104 4007 1256 4054; x_wconf 84' lang='lat' dir='ltr'><strong>liberandum</strong></span> <span class='ocrx_word' id='word_1_330' title='bbox 1272 4019 1331 4053; x_wconf 80' lang='lat' dir='ltr'><strong>eum</strong></span> <span class='ocrx_word' id='word_1_331' title='bbox 1341 4020 1358 4053; x_wconf 81' lang='grc' dir='ltr'>ι</span> 
     </span>
     <span class='ocr_line' id='line_1_43' title="bbox 282 4071 1357 4131; baseline 0.002 -16"><span class='ocrx_word' id='word_1_332' title='bbox 282 4073 378 4129; x_wconf 65' lang='lat' dir='ltr'><strong>afflat.</strong></span> <span class='ocrx_word' id='word_1_333' title='bbox 836 4071 972 4130; x_wconf 70' lang='lat' dir='ltr'><strong>semideae</strong></span> <span class='ocrx_word' id='word_1_334' title='bbox 992 4073 1057 4126; x_wconf 84' lang='lat' dir='ltr'><strong>belli,</strong></span> <span class='ocrx_word' id='word_1_335' title='bbox 1080 4074 1189 4120; x_wconf 80' lang='lat' dir='ltr'><strong>diaeteat</strong></span> <span class='ocrx_word' id='word_1_336' title='bbox 1208 4078 1236 4118; x_wconf 79' lang='lat' dir='ltr'><strong>et</strong></span> <span class='ocrx_word' id='word_1_337' title='bbox 1256 4072 1357 4131; x_wconf 85' lang='lat' dir='ltr'><strong>probare</strong></span> 
     </span>
    </p>

    <p class='ocr_par' dir='ltr' id='par_1_17' title="bbox 283 4132 1358 4452">
     <span class='ocr_line' id='line_1_44' title="bbox 316 4132 1344 4196; baseline 0.004 -16"><span class='ocrx_word' id='word_1_338' title='bbox 316 4134 355 4180; x_wconf 69' lang='lat'><strong>79·</strong></span> <span class='ocrx_word' id='word_1_339' title='bbox 364 4137 432 4184; x_wconf 75' lang='lat' dir='ltr'><strong>Inter</strong></span> <span class='ocrx_word' id='word_1_340' title='bbox 447 4135 570 4184; x_wconf 66' lang='lat' dir='ltr'><strong>Aulum</strong></span> <span class='ocrx_word' id='word_1_341' title='bbox 586 4132 689 4195; x_wconf 71' lang='lat' dir='ltr'><strong>marr]</strong></span> <span class='ocrx_word' id='word_1_342' title='bbox 713 4132 804 4179; x_wconf 80' lang='lat' dir='ltr'><strong>Nullos</strong></span> <span class='ocrx_word' id='word_1_343' title='bbox 836 4134 999 4196; x_wconf 79' lang='lat' dir='ltr'><strong>intenderent,</strong></span> <span class='ocrx_word' id='word_1_344' title='bbox 1009 4151 1054 4183; x_wconf 90' lang='lat' dir='ltr'><strong>aec</strong></span> <span class='ocrx_word' id='word_1_345' title='bbox 1064 4137 1161 4183; x_wconf 82' lang='lat' dir='ltr'><strong>accitos·</strong></span> <span class='ocrx_word' id='word_1_346' title='bbox 1341 4151 1344 4156; x_wconf 92' lang='lat'>·</span> 
     </span>
     <span class='ocr_line' id='line_1_45' title="bbox 283 4194 1357 4263; baseline 0.004 -21"><span class='ocrx_word' id='word_1_347' title='bbox 283 4201 322 4242; x_wconf 81' lang='lat' dir='ltr'><strong>est</strong></span> <span class='ocrx_word' id='word_1_348' title='bbox 348 4198 436 4246; x_wconf 85' lang='lat' dir='ltr'><strong>horum</strong></span> <span class='ocrx_word' id='word_1_349' title='bbox 458 4202 587 4246; x_wconf 78' lang='lat' dir='ltr'><strong>verborum</strong></span> <span class='ocrx_word' id='word_1_350' title='bbox 611 4210 704 4244; x_wconf 68' lang='lat' dir='ltr'><strong>ansus</strong></span> <span class='ocrx_word' id='word_1_351' title='bbox 739 4196 804 4257; x_wconf 75' lang='lat' dir='ltr'><strong>Lege</strong></span> <span class='ocrx_word' id='word_1_352' title='bbox 868 4198 898 4245; x_wconf 81' lang='lat' dir='ltr'><strong>st</strong></span> <span class='ocrx_word' id='word_1_353' title='bbox 920 4199 1069 4246; x_wconf 70' lang='lat' dir='ltr'><strong>Utmatam</strong></span> <span class='ocrx_word' id='word_1_354' title='bbox 1078 4194 1264 4263; x_wconf 61' lang='lat' dir='ltr'><strong>humfredus]</strong></span> <span class='ocrx_word' id='word_1_355' title='bbox 1281 4197 1357 4246; x_wconf 78' lang='lat' dir='ltr'><strong>ttaae</strong></span> 
     </span>
     <span class='ocr_line' id='line_1_46' title="bbox 284 4260 1358 4319; baseline 0.002 -12"><span class='ocrx_word' id='word_1_356' title='bbox 284 4261 385 4307; x_wconf 82' lang='lat' dir='ltr'><strong>omniuo</strong></span> <span class='ocrx_word' id='word_1_357' title='bbox 397 4263 471 4319; x_wconf 64' lang='lat' dir='ltr'><strong>tura,</strong></span> <span class='ocrx_word' id='word_1_358' title='bbox 487 4267 517 4310; x_wconf 85' lang='lat' dir='ltr'><strong>ut</strong></span> <span class='ocrx_word' id='word_1_359' title='bbox 533 4260 740 4309; x_wconf 69' lang='lat' dir='ltr'><strong>diathucIus</strong></span> <span class='ocrx_word' id='word_1_360' title='bbox 755 4273 804 4307; x_wconf 89' lang='lat' dir='ltr'><strong>non</strong></span> <span class='ocrx_word' id='word_1_361' title='bbox 836 4263 919 4309; x_wconf 69' lang='lat' dir='ltr'><strong>Iouam</strong></span> <span class='ocrx_word' id='word_1_362' title='bbox 935 4264 1038 4310; x_wconf 81' lang='lat' dir='ltr'><strong>feliciter</strong></span> <span class='ocrx_word' id='word_1_363' title='bbox 1055 4266 1170 4311; x_wconf 65' lang='lat' dir='ltr'><strong>emaum</strong></span> <span class='ocrx_word' id='word_1_364' title='bbox 1190 4263 1243 4310; x_wconf 72' lang='lat' dir='ltr'><strong>ssa</strong></span> <span class='ocrx_word' id='word_1_365' title='bbox 1263 4262 1358 4309; x_wconf 84' lang='lat' dir='ltr'><strong>Grono-</strong></span> 
     </span>
     <span class='ocr_line' id='line_1_47' title="bbox 285 4323 1358 4390; baseline 0.004 -20"><span class='ocrx_word' id='word_1_366' title='bbox 285 4325 350 4370; x_wconf 86' lang='lat' dir='ltr'><strong>ultra</strong></span> <span class='ocrx_word' id='word_1_367' title='bbox 371 4324 502 4373; x_wconf 80' lang='lat' dir='ltr'><strong>Audenam</strong></span> <span class='ocrx_word' id='word_1_368' title='bbox 522 4326 806 4386; x_wconf 66' lang='lat' dir='ltr'><strong>ammacproittde</strong></span> <span class='ocrx_word' id='word_1_369' title='bbox 836 4323 1358 4390; x_wconf 51' lang='lat' dir='ltr'><strong>viusratmmmioitrssfflqead</strong></span> 
     </span>
     <span class='ocr_line' id='line_1_48' title="bbox 285 4387 1297 4452; baseline 0.004 -16"><span class='ocrx_word' id='word_1_370' title='bbox 285 4387 673 4451; x_wconf 63' lang='lat' dir='ltr'><strong>Apemhmbeliumgeasbse.</strong></span> <span class='ocrx_word' id='word_1_371' title='bbox 706 4391 806 4438; x_wconf 79' lang='lat' dir='ltr'><strong>Atrero</strong></span> <span class='ocrx_word' id='word_1_372' title='bbox 836 4390 1297 4452; x_wconf 52' lang='lat' dir='ltr'><strong>&amp;mammonam</strong></span> 
     </span>
    </p>
   </div>
   <div class='ocr_carea' id='block_1_10' title="bbox 0 0 1486 4750">
    <p class='ocr_par' dir='ltr' id='par_1_18' title="bbox 0 0 1486 4750">
     <span class='ocr_line' id='line_1_49' title="bbox 0 0 1486 4750; baseline 0 0"><span class='ocrx_word' id='word_1_373' title='bbox 0 0 1486 4750; x_wconf 95' lang='lat' dir='ltr'><strong> </strong></span> 
     </span>
    </p>
   </div>
  </div>
 </body>
</html>
