2942 4750
290 185 331 242 78
629 232 633 237 .
685 176 795 237 ΤΙΤΙ
828 174 962 236 LIVll

130 370 198 421 Μ,
211 370 267 419 501,
291 353 407 410 vocant
421 341 581 421 Alciden,
594 338 750 416 confecto,
766 361 840 403 cum
863 352 1111 424 purpuratorum
1132 353 1165 404 et
1188 340 1358 405 satellitum

128 435 267 487 Aac-171·
291 452 388 496 manu
405 428 561 514 profectus
578 425 698 489 Citium
713 438 772 489 est.
795 447 834 488 eo
850 426 918 509 jam
941 447 1050 491 omnes
1072 424 1288 491 Macedonum
1303 447 1357 490 ex·

129 535 276 598 captores·
292 531 520 599 ternorumque
541 509 733 577 auxiliorum
759 525 974 576 convenerant
995 511 1108 596 copiae.
1152 511 1264 576 Castra
1285 508 1359 576 an'te

128 602 171 650 *l
292 603 406 668 urbem
421 598 522 682 ponit,
537 616 710 696 omnesque
731 611 869 660 armatos
883 597 946 660 “in
958 619 1073 680 campo
1087 599 1211 662 struxit
1232 601 1253 633 ⁶⁷
1264 599 1361 662 Sum·

292 712 347 755 ma
359 685 502 751 omnium
518 680 728 767 quadraginta
748 683 849 745 millia
869 695 990 746 arnsata
1003 682 1092 747 fuere
1103 708 1116 746 s
1134 706 1271 769 quorum
1285 703 1359 767 pars

293 778 393 840 ferme
407 767 540 832 dimidia
553 766 749 853 phalangitae
764 781 865 831 erant.
909 770 930 801 ‘⁸
942 768 1083 852 Hippias
1100 769 1263 834 Bcroeaeus
1277 790 1359 853 prae·

292 870 371 923 erat.
414 853 548 918 Delecta
561 852 676 917 deinde
700 866 733 917 et
751 853 871 917 viribus
892 867 925 917 et
945 852 1061 918 robore
1083 855 1194 931 aetatis,
1210 878 1250 919 ex
1271 852 1359 916 omui

292 951 495 1007 caetratorum
523 960 668 1016 numero,
690 937 757 1001 duo
778 951 868 1002 erant
891 952 1051 1024 agemata:
1074 938 1158 1003 hanc
1177 941 1237 1023 ipsi
1259 938 1358 1026 legio-

291 1024 545 1093 nemuocabant
590 1023 763 1087 Praefectos
780 1023 941 1088 habebant
956 1024 1133 1089 Leonatum
1156 1038 1188 1088 et
1203 1023 1359 1109 Thrasip-

314 1134 370 1177 um
383 1113 591 1195 ”Eulyestas
637 1109 827 1173 Ceterorum
842 1120 1042 1173 castratorum
1063 1110 1159 1174 trium
1175 1110 1275 1175 ferme
1288 1110 1359 1174 mil·

290 1136 371 1265 lium
385 1198 564 1273 homiuum,
580 1194 730 1258 duxerat
747 1193 931 1278 Antiphilus
945 1195 1123 1260 Edessoeus.
1169 1196 1312 1273 Paeones,
1328 1208 1362 1260 et

292 1307 333 1352 ax
346 1288 368 1322 ²⁰
379 1285 514 1349 Parorea
529 1296 561 1347 et
578 1281 817 1366 Parstrymonia
833 1285 921 1363 (sunt
942 1292 1046 1345 autem
1070 1303 1108 1345 ca
1128 1280 1200 1345 loca
1220 1283 1360 1367 subjecta

291 1369 455 1449 Thracia)
481 1381 514 1432 et
536 1368 702 1453 Agrianes,
724 1365 872 1442 admixtis
896 1366 991 1430 etiam
1004 1367 1215 1432 ”Thracibus
1235 1367 1358 1445 incolis,

291 1457 389 1523 trium
404 1454 537 1519 millium
553 1453 652 1517 ferme
665 1464 698 1517 et
711 1452 772 1537 ipsi
787 1451 996 1536 expleverunt
1016 1474 1197 1518 numerum.
1243 1454 1359 1519 Arma·

291 1554 381 1607 verat
401 1551 667 1618 contraxeratque
695 1561 750 1602 eos
775 1537 880 1603 Didas
911 1538 1021 1615 Paeon,
1045 1540 1099 1624 qui
1129 1540 1359 1603 adolescentem

291 1626 494 1696 Demetrium
509 1622 679 1688 occiderat.
722 1623 768 1686 Et
785 1632 981 1688 armatorum
996 1624 1061 1688 duo
1077 1625 1176 1688 millia
1191 1624 1358 1689 Gallorum

291 1727 394 1794 erant,
409 1708 560 1795 proefecto
574 1707 808 1792 Asclepiodoto.
853 1710 906 1773 Ab
930 1710 1087 1775 Heraclea
1108 1732 1148 1774 ex
1172 1711 1283 1776 Sintiis
1297 1710 1360 1774 tn'a

291 1800 393 1866 millia
407 1795 572 1862 Thracum
587 1793 761 1857 liberorum
777 1814 869 1857 suum
884 1795 997 1859 ducem
1013 1795 1182 1863 habebant.
1229 1796 1359 1859 Creten·

292 1886 374 1949 sium
388 1906 448 1969 par
459 1904 540 1967 pene
553 1900 705 1944 numerus
713 1899 786 1942 suos
800 1878 897 1942 duces
908 1879 1116 1963 sequebatur:
1141 1883 1256 1945 Susum
1274 1880 1361 1946 Pha·

291 1968 471 2031 lasarneum
486 1980 518 2031 et
535 1965 659 2051 Syllum
674 1963 860 2028 Gnossium.
903 1966 949 2028 Et
970 1964 1128 2040 Leonides
1151 1965 1361 2030 Lacedaemo·

290 2053 364 2116 nius
387 2051 568 2137 quingentis
593 2073 631 2115 ex
657 2049 792 2125 Graecia,
813 2048 916 2112 mixto
937 2052 1044 2134 generi
1069 2049 1247 2128 hominum,
1275 2072 1361 2135 prse-

290 2150 370 2203 erat.
415 2135 509 2221 Regii
538 2136 566 2198 is
597 2134 723 2220 generis
754 2133 930 2210 ferebatur3
962 2133 1062 2210 exsul,
1096 2133 1264 2198 damnatus
1297 2135 1361 2200 fre-

291 2222 403 2310 quenti
416 2221 552 2284 concilio
567 2218 775 2296 Achaeorum,
790 2217 889 2284 literis
902 2221 944 2283 ad
954 2220 1069 2284 Persea
1082 2219 1253 2304 deprensis.
1298 2219 1361 2285 AE·

289 2309 429 2374 tolorum
445 2320 477 2370 et
493 2306 692 2386 Boeotorum,
707 2305 842 2393 quinon
858 2305 1031 2392 explebant
1052 2305 1123 2390 plus
1145 2327 1241 2390 quam
1263 2306 1359 2390 quin·

312 2411 459 2460 entorum
481 2416 591 2458 omnes
613 2413 793 2468 numerum,
816 2390 907 2476 Lyco
929 2393 1068 2457 Acboeus
1088 2391 1256 2475 praefectus
1277 2405 1360 2459 erat.

321 2504 345 2546 x
359 2483 408 2546 his
423 2481 528 2545 uibus
542 2492 590 2544 tot
604 2477 808 2565 populorum,
821 2488 870 2540 tot
883 2479 1026 2563 gentium
1042 2477 1178 2553 auxiliis,
1189 2475 1359 2542 duodecim

289 2568 390 2632 millia
398 2580 592 2631 armatorum
607 2566 708 2626 ferme
722 2562 950 2627 efficiebantur.
990 2564 1143 2648 Equitum
1157 2585 1195 2627 ex
1207 2575 1273 2627 totu
1284 2561 1360 2627 Ma-

290 2650 423 2714 cedonia
438 2660 641 2712 contraxerat
652 2648 713 2707 tria
723 2644 833 2706 millia.
879 2646 1017 2710 Venerat
1030 2649 1141 2711 eodem
1155 2648 1265 2735 Cotys,
1278 2649 1359 2716 Seu·
1438 2683 1447 2706 .

290 2735 356 2800 the
370 2733 464 2806 filius,
480 2753 538 2792 rex
552 2729 657 2815 gentis
671 2727 882 2811 Odrysarum,
898 2751 971 2794 cum
993 2732 1080 2795 mille
1100 2732 1229 2799 delectis
1243 2734 1358 2819 equiti·

290 2820 360 2894 bus,
375 2816 446 2901 pari
460 2814 558 2878 ferme
571 2810 715 2897 peditum
739 2833 882 2877 numero.
929 2819 1061 2880 Summa
1082 2818 1179 2883 totius
1200 2821 1358 2884 exercitus

291 2904 424 2991 triginta
434 2922 550 2965 novem
563 2896 662 2963 millia
672 2897 816 2982 peditum
828 2912 927 2977 erant,
938 2914 1076 2986 quatuor
1086 2906 1241 2988 equitum.
1273 2906 1359 2970 Satis

291 2991 465 3066 constabat,
480 2982 686 3050 ’'mcuudum
701 3005 773 3050 eum
794 2986 979 3064 exercitum,
995 3011 1090 3074 quem
1105 2991 1245 3077 Magnus
1259 2989 1358 3055 Alex·

289 3153 343 3198 bur.
377 3150 407 3196 ln
421 3149 484 3194 hanc
500 3151 609 3193 mentem
625 3159 683 3192 eum
702 3148 807 3193 deduxe-
839 3149 1007 3209 propinquam.
1042 3149 1220 3210 Parstrymonia
1236 3152 1304 3212 regio
1317 3160 1357 3199 est

289 3220 349 3260 runt
356 3212 523 3272 allaquaedam
533 3205 652 3257 Mineruae
661 3212 807 3271 cognomina
839 3214 869 3258 ad
882 3213 1043 3273 Strymonem.
1280 3257 1286 3260 .

290 3278 348 3323 huic
367 3276 457 3328 affluis,
474 3282 502 3321 ut
522 3273 619 3333 dairas,
631 3275 714 3335 populi
730 3276 805 3329 salus,
871 3276 1357 3340 71⁸Tlracttastarolts1'rhraemasqm

290 3336 438 3400 ’saudyca
449 3337 544 3384 fortiter
555 3351 673 3399 pugnant-
838 3340 864 3384 in
873 3340 1009 3400 Agrianum
1015 3342 1139 3400 regionem
1147 3343 1301 3399 mandant,
1309 3344 1356 3391 lbi-

320 3404 401 3451 661³
422 3415 501 3462 ωηο
515 3402 615 3465 amaru]
633 3402 723 3448 Melius
742 3402 807 3449 ride·
838 3404 1043 3462 quehubitabant.

289 3467 619 3516 retmenoriotnstrartt
870 3468 901 3514 72
918 3468 1049 3514 Secundum
1069 3482 1122 3514 eura
1139 3471 1265 3516 maran
1285 3486 1355 3532 quern

289 3541 294 3548 '
322 3533 354 3578 dl
371 3531 469 3577 Samma
482 3529 598 3591 orntum]
616 3528 664 3575 ver
680 3530 720 3576 hic
733 3531 805 3576 intel·
836 3529 945 3591 Magnae
958 3528 1102 3592 Alexander]
1122 3532 1162 3579 lta
1183 3533 1290 3593 loquitur
1313 3535 1366 3583 Li·-

288 3595 379 3656 llgendl
389 3601 447 3640 sunt
460 3595 505 3639 soli
515 3593 616 3651 pedites,
633 3594 671 3639 vel
687 3607 804 3640 numerus
837 3595 899 3647 vius.
911 3595 981 3653 quasi
991 3596 1124 3643 Alexandri
1139 3598 1259 3644 exardtm
1270 3598 1354 3645 Penei

287 3660 353 3707 male
362 3662 492 3717 mneeptus
505 3663 551 3709 est,
562 3658 739 3716 legendumque
748 3671 805 3716 qaa-
836 3659 916 3718 copias
927 3659 965 3704 vel
973 3667 1108 3718 suammet
1119 3675 1229 3715 numero,
1237 3663 1277 3714 vel
1286 3669 1355 3710 certe

287 3724 398 3785 draginta
408 3723 456 3767 trla
469 3719 551 3766 millia·
576 3720 634 3767 vid
646 3723 691 3767 hoc
701 3722 754 3782 ipso
765 3735 804 3768 ca·
836 3729 962 3781 aequasset.
994 3723 1094 3769 Constat
1107 3732 1190 3771 tamen
1205 3738 1237 3772 ex
1252 3727 1355 3786 scripto·

287 3789 338 3849 plts
349 3798 432 3833 veram
443 3785 524 3831 finem·
835 3799 891 3832 rum
907 3786 1018 3832 omnium
1034 3801 1162 3844 connum,
1179 3790 1261 3849 ipsum
1279 3791 1354 3837 illum

319 3853 352 3900 ω
367 3850 471 3911 lippias
487 3846 614 3910 Bmurl
637 3848 702 3894 Olim
721 3849 801 3895 Berae·
833 3851 967 3896 exercitum
975 3850 1046 3897 Orbis
1056 3853 1200 3900 domitorem
1212 3854 1294 3900 minua
1305 3855 1356 3900 ml·

287 3931 329 3963 ιη
352 3922 382 3963 ut
399 3921 425 3961 et
441 3912 506 3959 lutra
523 3910 648 3971 legebatur
665 3911 803 3971 Antiphilus
833 3913 906 3960 litum
913 3914 1034 3970 habuisse.
1046 3929 1121 3975 quam
1132 3924 1191 3976 quot
1202 3916 1355 3964 aecuml’st·

287 3980 405 4028 ΕΜ
431 3989 475 4038 pro
497 3974 623 4021 umam.
665 3975 802 4036 Utrumque
834 3990 889 4024 scus
908 3978 1019 4024 ducebat.
1058 3979 1188 4027 Plutarcho
1207 3990 1305 4029 auctora
1323 3983 1354 4028 ln

287 4055 376 4094 nomen
387 4038 698 4099 cananitidemsigoulus.
834 4041 980 4096 Alexandro,
1000 4043 1124 4103 coptamm
1145 4041 1198 4106 ej‘us
1220 4058 1354 4092 numerum

319 4107 351 4153 69
367 4101 801 4168 Euryalu1'l'urnehus‚1llymiotar.
833 4105 876 4164 qui
891 4105 1028 4152 maximum
1043 4109 1147 4161 edideoe,
1159 4109 1258 4155 uadum
1275 4109 1354 4157 fuluo

288 4164 360 4214 Forte
371 4170 503 4228 mauras.
536 4167 710 4214 Gnouovrus.
834 4175 939 4227 quatuor
952 4176 978 4215 et
989 4171 1088 4230 triginta
1105 4173 1211 4219 millium
1230 4174 1354 4234 peditum.

318 4229 351 4276 lo
367 4229 481 4294 Patarea]
496 4232 551 4278 Hoc
569 4243 659 4278 nomen
674 4243 705 4276 ex
720 4232 746 4277 vi
761 4244 803 4276 vo·
834 4232 944 4291 equitum
960 4241 1070 4292 quatuor.
1102 4234 1224 4292 lustinus,
1236 4238 1252 4282 l.
1265 4235 1313 4283 Xl.
1326 4250 1351 4283 c.

286 4292 367 4338 nunu
388 4296 503 4356 apernit
527 4295 651 4356 meum
677 4295 803 4343 maduo
834 4295 1356 4358 unimammoeipeditummmmnr.
