2942 4750
166 365 296 414 HC&

165 430 297 479 uulua

170 1392 307 1439 tuooocs-

170 1456 206 1501 si:
226 1455 304 1501 11000

170 1520 241 1577 opu.

173 2232 322 2294 qutt*

323 195 379 250 1⁶4
709 186 817 248 ΤῙΤῙ
848 172 988 247 ulvis

323 352 513 416 inmemores
525 347 641 413 fecerat
654 348 806 434 sequendi
820 349 950 435 equites.
993 346 1061 412 Diu
1081 345 1223 433 phalanx
1235 370 1256 414 s
1266 344 1384 432 fronte,

324 461 344 501 a
366 435 526 509 lateribus,
547 434 588 498 ab
613 447 703 518 tergo
720 455 803 497 erese
827 445 893 497 est:
916 444 1086 517 postremo,
1102 435 1157 519 qui
1180 455 1222 497 ex
1243 433 1384 499 hosfium

325 520 470 586 menibus
495 518 592 602 elapsi
616 531 716 594 erant,
730 519 867 583 inermes
890 518 931 582 ed
954 539 1044 581 mare
1064 517 1230 617 fugientes,
1252 518 1385 603 quidm

326 626 441 691 squam
461 604 557 666 etiam
580 604 724 678 ingressi,
742 625 855 667 munus
876 604 915 666 uti
941 625 1007 678 eos,
1023 603 1079 686 qui
1102 625 1136 665 in
1161 604 1258 667 classe
1281 614 1384 681 mant,

326 691 500 762 tendentes,
515 688 698 771 suppliciter
718 689 815 751 vitum
837 691 983 751 orabant:
1007 705 1038 752 et
1052 709 1149 773 quum
1164 687 1294 772 seriphus
1307 709 1386 752 eon-

326 795 452 840 currere
474 772 612 857 undique
633 774 673 836 ab
694 772 828 836 navibus
850 784 1025 851 cernerent,
1040 774 1080 835 ad
1101 771 1305 857 excipiendos
1318 794 1386 838 sese

327 861 434 922 venire
455 857 526 932 rati,
542 872 578 920 ut
597 871 746 941 caperent
766 857 883 940 potius,
898 878 991 942 quam
1007 857 1196 934 occiderent,
1210 857 1338 943 longius
1352 859 1387 923 in

328 964 454 1028 squam,
470 942 598 1026 qnidam
620 944 714 1006 etiem
734 954 887 1019 natantes,
903 942 1060 1029 progressi
1081 955 1164 1006 sunt.
1209 943 1272 1007 Sed
1285 965 1385 1029 quum

329 1028 483 1092 hostiliter
506 1050 524 1090 e
543 1027 666 1111 soaphis
681 1027 898 1125 ‘eaedereutun
913 1040 1009 1106 retro,
1024 1028 1077 1113 qui
1098 1039 1254 1111 poterant,
1277 1028 1388 1094 nando

329 1112 840 1283 :tffftztfffttttftt
861 1111 1387 1274 ft‘itfifsftfffiffflss

328 1282 407 1348 bant
420 1281 650 1367 elidebantque.
682 1281 787 1345 Facile
808 1283 1022 1359 conveniebst,
1040 1282 1191 1346 Romanis
1209 1304 1386 1369 numquam

330 1392 394 1434 una
414 1370 481 1431 acie
500 1378 625 1430 tantum
649 1366 863 1432 Macedonum
884 1369 1092 1431 interfectum.
1136 1366 1229 1431 cess
1244 1370 1330 1432 enim
1347 1372 1389 1435 sd

329 1454 441 1554 viginti
455 1452 553 1516 millia
567 1452 732 1515 hominum
747 1468 837 1516 sunt:
860 1452 901 1516 ad
918 1474 974 1516 sex
995 1451 1103 1529 miliia,
1118 1453 1173 1537 qui
1185 1451 1332 1538 Pydnam
1345 1477 1388 1520 ex

330 1560 396 1605 ame
416 1538 630 1624 perfugerant,
645 1538 707 1599 vivi
721 1538 755 1599 in
773 1550 959 1621 potestatem
980 1550 1208 1622 pervenerunti
1229 1551 1261 1602 et
1277 1541 1350 1640 vagi
1367 1563 1387 1605 e

330 1625 406 1711 fuge
420 1623 560 1708 quinque
575 1621 672 1685 millis
685 1621 851 1686 hominum
866 1635 969 1707 capta.
1016 1622 1067 1685 Ex
1082 1622 1251 1687 victoribus
1266 1624 1387 1690 eemde

330 1721 484 1774 runtnon
498 1707 571 1791 plus
586 1721 722 1783 centum,
739 1722 771 1770 et
789 1729 899 1771 eorum
919 1707 1021 1770 multo
1041 1709 1142 1791 mejer
1162 1730 1235 1792 pars
1252 1710 1387 1798 Peligni.

331 1793 484 1860 vulnerati
498 1791 658 1877 aliquanto
676 1794 784 1876 plures
797 1807 880 1856 sunt.
923 1791 1059 1864 Quodsi
1081 1793 1230 1857 maturius
1251 1796 1388 1881 pugnari

332 1891 474 1965 coeptum
498 1890 588 1954 esset,
614 1892 650 1940 ut
675 1878 750 1942 satia
778 1877 840 1941 diei
869 1877 1039 1941 victoribus
1065 1876 1109 1941 ad
1136 1881 1388 1962 persequendum

332 1975 515 2048 superesset,
530 1962 642 2061 deletae
663 1984 773 2026 omnes
794 1962 895 2062 copim
915 1961 1028 2060 ferent:
1051 1981 1137 2026 nuno
1150 1963 1305 2028 inminens
1319 1987 1387 2030 nox

332 2048 532 2148 etfugientes
545 2059 634 2128 texit,
649 2058 681 2111 et
696 2048 849 2112 Romanu
862 2058 1022 2132 pigritiem
1041 2046 1082 2111 ad
1103 2048 1296 2132 sequendum
1309 2048 1389 2119 lucis

332 2146 452 2285 [3323
459 2133 654 2289 {pigmus
673 2220 716 2289 ad
731 2220 868 2289 Piiriem
887 2219 996 2287 silvam
1012 2217 1062 2287 ria
1077 2221 1217 2298 miiitsri,
1229 2221 1388 2308 frequenti
1453 2277 1458 2297 ,

330 2307 457 2397 agmine
476 2309 615 2395 equitum
638 2323 670 2374 et
692 2312 780 2399 regio
799 2310 962 2387 comitutu,
977 2307 1067 2395 fugit.
1113 2308 1212 2372 Simul
1229 2308 1262 2369 in
1276 2307 1387 2372 silvam

331 2408 459 2458 rentum
480 2411 536 2474 est,
553 2395 606 2460 ubi
629 2396 734 2481 plures
748 2397 879 2461 diversae
897 2396 1018 2460 semitm
1030 2405 1130 2472 erant,
1144 2407 1177 2457 et
1189 2415 1256 2457 iios
1270 2393 1387 2478 adpro-

329 2480 523 2567 pinquabat:
545 2505 618 2547 cuin
634 2484 798 2567 perpaucis
819 2484 955 2546 maxime
968 2479 1052 2543 fidis
1072 2480 1124 2543 via
1143 2479 1296 2543 divertit&
1341 2478 1387 2543 E·
1442 2516 1446 2519 ·

330 2567 442 2651 quites,
467 2568 534 2630 sine
556 2568 638 2630 duce
662 2568 771 2641 relicti,
794 2569 847 2630 ulii
872 2567 935 2630 alia
958 2567 992 2628 in
1020 2565 1158 2630 civitates
1180 2584 1252 2627 sues
1274 2563 1389 2649 dilapsi
1458 2606 1459 2641 2

330 2663 420 2714 suut:
453 2653 603 2734 perpauci
625 2650 699 2713 inde
722 2651 843 2713 Peliam
867 2652 1010 2731 celerius,
1035 2671 1129 2736 quam
1151 2649 1161 2711 i
1242 2648 1386 2727 Perseus,
1408 2692 1419 2715 .

354 2736 406 2799 uia
419 2739 535 2799 ”recta
549 2732 696 2817 expedita
709 2736 762 2797 via
775 2734 886 2810 ierant,
901 2746 1119 2817 pervenerunt
1198 2755 1237 2798 ex
1257 2730 1298 2798 sd
1319 2756 1389 2799 me·

329 2758 418 2884 iiam·
434 2820 530 2883 ferme
545 2832 668 2882 noctem
684 2832 804 2881 terrore
818 2831 850 2882 et
865 2819 957 2882 variis
971 2819 1205 2883 difficultatibus
1219 2819 1279 2882 vioe
1292 2840 1390 2885 vexu-

330 2916 381 2968 tus
394 2918 450 2969 est.
496 2904 533 2968 In
550 2905 636 2989 regia
659 2903 787 2981 Perseo,
801 2904 857 2989 qui
879 2904 974 2967 Pelloe
996 2917 1141 3003 preerat,
1159 2904 1278 2968 Euctus
1290 2905 1390 2988 regii-

304 3012 307 3013 ’
331 3010 392 3074 que
406 2991 506 3075 pueri*
519 3002 636 3087 praesto
657 3000 757 3052 erant.
779 3001 891 3053 eontra
915 3012 951 3054 ea
970 3011 1154 3070 amicorum,
1169 2990 1233 3074 qui,
1250 2988 1303 3052 alii
1325 2989 1391 3054 elio

330 3096 405 3137 casu
419 3086 542 3148 servati,
558 3095 598 3135 ex
619 3074 733 3157 proeiio
756 3072 876 3139 Pellam
891 3088 1059 3152 uenerant,
1075 3097 1172 3161 quum
1187 3095 1271 3159 saepe
1284 3096 1390 3139 arces·

330 3160 382 3221 siti
397 3171 510 3233 essent,
526 3179 620 3221 nemo
641 3159 682 3221 ad
703 3181 776 3222 euni
798 3161 893 3223 venit.
915 3173 978 3223 tres
998 3175 1088 3223 erent
1107 3172 1231 3223 tantuin
1251 3180 1324 3224 cum
1345 3181 1389 3224 eo

330 3242 415 3339 fugoe
437 3242 577 3318 comites,
600 3242 747 3309 Evander
769 3244 938 3323 Cretensis,
953 3244 1073 3308 “Neon
1096 3245 1249 3322 Boeotius,
1270 3255 1301 3308 et
1324 3245 1389 3309 Ar·
1424 3280 1459 3299 ·-

330 3324 495 3390 chidumus
513 3327 648 3405 AEtulus,
664 3351 736 3392 cuin
754 3330 804 3407 iis,
813 3330 881 3414 jani
902 3341 1054 3410 metuens,
1075 3351 1124 3407 ue,
1141 3330 1195 3415 qui
1219 3330 1324 3393 venire
1345 3329 1391 3395 ud

331 3430 364 3471 se
389 3408 572 3490 abnuerent,
596 3417 697 3499 majus
721 3413 839 3499 aliquid
862 3436 938 3477 mox
964 3414 1126 3491 auderent,
1145 3428 1258 3500 quarta
1279 3415 1391 3502 vigilia

330 3494 484 3582 profugit.
527 3499 632 3561 Secuti
647 3520 718 3562 eum
742 3512 816 3563 sunt
836 3498 1007 3563 admodum
1031 3500 1194 3597 quingenti
1210 3499 1390 3567 Cretenses.

330 3579 457 3661 petebat
478 3583 710 3666 Amphipolim:
733 3584 788 3648 sed
809 3597 943 3648 noctes
965 3582 1050 3647 Pella
1070 3597 1197 3661 exierat,
1212 3606 1391 3669 propenens

329 3675 403 3727 unte
424 3665 527 3729 lucem
553 3668 671 3730 Axium
692 3690 816 3732 amnem
838 3669 989 3753 trajicere,
1008 3690 1082 3732 eum
1105 3669 1199 3733 finem
1222 3669 1390 3755 sequendi,

329 3762 461 3833 propter
474 3750 689 3815 difficultatem
703 3756 863 3831 transitus,
880 3756 946 3818 fore
961 3764 1046 3817 retus
1062 3754 1223 3818 Romanis.
1362 3757 1366 3764 '

373 3834 501 3900 XLIV.
525 3834 706 3913 Consulem,
728 3860 826 3923 quum
849 3861 882 3904 se
904 3839 936 3902 in
958 3851 1060 3903 cestra
1082 3838 1182 3903 vietor
1206 3839 1391 3926 recepisset,

329 3941 371 3983 ne
384 3922 505 3985 sincero
518 3919 637 4007 gaudio
651 3920 818 4001 frueretur,
834 3945 910 3988 curu
925 3924 965 3988 de
979 3924 1100 3987 minore
1113 3922 1180 3987 filio
1194 3925 1393 3991 stimulabat.

596 4046 880 4097 ‘devertitGruuCi-ev.
945 4048 1116 4099 tumeres.

313 4214 317 4223 ,
360 4163 842 4227 εειικωαμαεωυωμῳροεω
872 4168 1261 4228 munsuimumpuiani
1324 4174 1329 4181 ·

330 4228 842 4289 cumGronorimroetuetezpcditaniei
904 4230 1390 4296 fflNmBuntiuslsieediditngo·

330 4290 842 4353 noepwmtassmtuligenunsrbo·
860 4293 1287 4356 .niussxriuiueio,psono·euss
