2942 4750
555 176 898 260 PRAEFATIO.
1155 187 1233 262 xliii

146 383 196 462 ad
214 388 371 476 Livium,
388 414 502 488 quam
525 392 576 467 ad
598 393 708 489 hujus
731 393 873 468 calcem
890 392 1166 489 subjungemus,
1183 420 1232 471 ne

145 516 210 587 aut
235 507 331 581 bene
357 508 509 582 meritos
542 510 591 583 de
616 509 688 583 hoc
718 508 1025 608 prestantissima
1053 510 1232 607 scriptore

62 687 73 705 ,
144 620 266 718 deque
289 622 398 696 uobis
420 623 597 698 homines
605 625 722 721 gloria
739 650 818 712 sua,
837 634 901 698 aut
923 623 1102 721 cupidum
1118 620 1233 700 lecto·

142 758 221 808 rem
233 735 382 811 illorum
398 738 531 813 ιιοιιιιι
546 740 772 814 fraudemus
1207 760 1211 767 '

152 850 316 927 Nobis
332 852 394 926 hic
411 854 608 928 observare
633 854 802 942 sufficiat,
825 878 873 927 ex
887 854 932 927 iis
948 852 1120 928 omnibns
1135 879 1234 952 quos

32 1000 51 1027 ο
143 964 356 1041 Gronovius
372 969 602 1044 enumeravit
619 969 805 1045 neminem
822 993 905 1043 esse
918 968 1078 1066 amplus
1090 970 1233 1045 debeat

142 1078 283 1169 Livius,
306 1107 420 1179 quam
447 1082 532 1158 Car.
558 1084 721 1181 Sigonio.
775 1083 845 1157 ιιιι
866 1093 905 1158 et
925 1083 1072 1181 scriptis
1088 1083 1349 1182 aliquorsum„

141 1196 413 1293 exemplaribus
429 1198 593 1292 adjutus,
611 1209 649 1273 et
673 1222 812 1296 magna
834 1198 1091 1273 Romanarum
1107 1222 1256 1271 rerum
1236 1171 1384 1282 Ὗωᾝ

139 1310 281 1408 peritia,
298 1312 436 1386 multas
453 1313 559 1387 Livio
583 1314 687 1387 labes
712 1313 895 1398 abstersit,
916 1312 1083 1409 locisque
1099 1299 1305 1408 quam-'¹⁰

138 1425 403 1523 plurimisve!
430 1428 597 1502 obscuris
625 1428 759 1513 lucem,
790 1427 849 1499 rel
875 1426 1011 1500 sauciis
1035 1436 1073 1509 et
1097 1426 1229 1502 laceris

140 1539 339 1616 sanitatem
353 1541 543 1615 reddidit:
567 1550 612 1614 ut
637 1541 698 1614 vix
714 1540 933 1638 quidquam
937 1541 1067 1615 abesse
1083 1552 1229 1639 putare·

139 1666 210 1744 tur,
241 1656 439 1752 quominus
465 1658 546 1752 ejus
579 1681 693 1755 opera
718 1656 1046 1754 eloquentissimus
1070 1657 1230 1753 scriptor

140 1771 316 1869 primaevo
333 1771 443 1847 nitori
459 1773 649 1846 restitutus
666 1783 773 1849 esset.

189 1888 246 1961 At
261 1898 411 1962 secutus
429 1887 622 1985 sigonium
644 1902 730 1987 post
755 1890 866 1965 unius
882 1889 998 1965 seculi
1014 1890 1129 1965 ιιιιιι
1144 1908 1259 2028 spu·D
1235 1916 1311 1966 aru
1322 1916 1356 1965 ιι.

142 2004 287 2078 tiumJ
291 2002 407 2078 Frid
425 2004 648 2091 Gronovius,
663 2006 892 2103 longoillum
907 2005 1101 2081 intervallo
1119 2031 1297 2105 ιιιρι·,,,,,
1235 1983 1377 2031 ⁰⁸⁰⁸⁰¹¹⁰

139 2120 245 2193 ravit.
297 2119 412 2192 Hunc
430 2144 522 2193 vere
531 2120 733 2195 dixerimus
743 2147 948 2219 principem
959 2134 1085 2196 tenere
1099 2113 1317 2222 locumssm
1251 2111 1369 2222 ⁴⁰⁶„

138 2235 315 2307 intereos
331 2234 541 2329 omnesqui
566 2232 672 2306 Livio
689 2236 912 2331 castigando
926 2258 1080 2309 manum
1097 2238 1226 2308 admo
1235 2253 1309 2300 1mn
1302 2187 1369 2349 lunii

140 2373 248 2423 rere:
281 2346 399 2421 virum
422 2347 460 2420 in
484 2372 559 2445 quo
582 2372 680 2422 cum
690 2347 924 2426 limatissimo
942 2349 1088 2444 judicio
1094 2304 1370 2484 ιιιιιιΞιιιιιῑί
1317 2315 1387 2352 mm

132 2464 252 2563 eopia
278 2462 495 2538 eruditionis
520 2472 558 2536 et
583 2463 765 2553 variemsi
802 2464 842 2537 in
868 2488 945 2562 qno
973 2465 1067 2538 mira
1092 2464 1231 2562 ingemi·
1265 2432 1346 2481 ’Μ

140 2579 308 2656 auisset
338 2579 525 2677 sagacitas
557 2578 707 2654 minime
740 2579 856 2654 officit
889 2579 1112 2677 diligentia3
1149 2579 1232 2654 siue

137 2695 340 2784 timiditate·
364 2706 526 2782 cautum,
552 2695 734 2769 audacem
764 2695 981 2793 plerumque
1007 2696 1087 2770 sine
1112 2697 1228 2770 eonfi-

139 2813 287 2888 dentia:
314 2812 378 2910 qui
404 2811 566 2910 denique
590 2809 763 2885 omnibns
779 2811 861 2906 jam
884 2809 1031 2885 Livium
1051 2819 1228 2886 tractatu·

137 2929 200 3012 ris
204 2930 269 3002 fax
282 2953 366 3002 esse
384 2927 520 3001 debeat
536 2938 731 3024 certusque
745 2928 836 3015 dux,
854 2952 878 2999 a
889 2949 965 3023 quo
981 2949 1065 3001 raro
1082 2923 1230 3001 discedi

138 3042 258 3144 possit
289 3043 369 3116 sine
400 3042 533 3115 erroris
564 3042 741 3138 periculo.
798 3040 951 3114 Etenim
981 3041 1032 3113 ad
1065 3061 1111 3113 ea
1142 3059 1229 3150 qum

138 3160 254 3236 modo
280 3156 565 3233 memoravimus
593 3165 735 3227 naturae
762 3154 1014 3250 doctrinaque
1040 3151 1228 3249 prasidio,

137 3276 250 3353 etiam
266 3274 489 3402 optimorum
506 3269 684 3344 librorum
705 3268 816 3365 eopia
831 3274 1051 3356 accesserat,
1067 3289 1224 3399 quonum
1234 3286 1351 3403 fficio·

138 3416 211 3489 ope
225 3389 384 3465 multas
373 3387 537 3486 insignes
554 3383 732 3472 maculas,
747 3382 882 3481 partim
896 3383 1118 3458 inveteratas
1128 3381 1225 3478 jain·

51 3571 54 3580 .
138 3506 294 3592 dudum,
320 3504 453 3603 partim
477 3529 501 3577 a
525 3500 649 3602 pravis
673 3498 975 3575 emendatoribus
999 3515 1129 3575 recens
1146 3498 1276 3576 ιιιι
1332 3537 1336 3546 ·

137 3633 208 3709 tas,
234 3618 344 3694 eluit:
375 3618 504 3705 multa,
527 3642 611 3715 quae
634 3616 758 3713 specie
780 3615 948 3690 sanitatis
971 3616 1224 3714 imponebant,

138 3755 246 3812 carco
258 3734 384 3832 aliquo
399 3734 570 3808 laborare
585 3730 675 3805 vitio
692 3729 878 3805 ostendit:
899 3730 1021 3812 multa
1035 3730 1135 3803 falso
1145 3753 1226 3802 sus·

136 3863 248 3952 pecta
262 3849 303 3923 in
324 3848 507 3946 integrum
531 3845 708 3920 restituit:
735 3856 778 3919 ut
797 3855 888 3944 post
912 3855 970 3918 tot
992 3831 1225 3918 doedssimo-

136 3992 218 4043 rum
236 3964 402 4039 virorum
427 3963 585 4048 labores,
610 3984 737 4035 novus
754 3970 881 4035 tamen
902 3983 998 4056 pene
1014 3956 1161 4045 Livius,
1186 3967 1226 4031 et

137 4083 239 4156 velut
252 4079 417 4156 rediviva
428 4079 582 4174 juventa
601 4076 768 4151 nitidus
758 4097 797 4150 ιιι
821 4076 944 4148 lucem
968 4083 1047 4148 tum
1073 4073 1224 4149 demum

136 4196 322 4297 prodierit.
965 4205 969 4216 ’
