2942 4750
275 202 353 278 xxii
650 189 994 273 PRAEFATIO.

138 456 140 459 ·
277 423 315 486 et
339 410 470 508 ignota
495 406 714 480 occurant?
739 402 857 499 Atqui
883 401 1050 499 profecto
1076 388 1277 492 curjuslibet
1303 422 1376 497 po-

277 526 356 626 puli
376 519 540 607 historia,
563 542 640 592 non
655 543 715 593 res
730 526 877 591 tantum
897 516 998 590 bello
1021 523 1157 612 gestas,
1175 515 1245 588 aed
1267 515 1378 612 leges

278 639 518 732 institutaque
541 633 661 729 gentis
683 630 951 729 complectitur,
979 655 1063 727 qnae
1089 638 1128 703 et
1154 629 1377 704 delectatio·
1413 698 1417 709 .

278 779 364 832 nem
385 752 535 834 habent,
551 757 589 823 et
604 747 772 846 pluribus
789 771 888 844 saepe
909 745 1108 820 lectoribus
1124 743 1274 819 utilitati
1288 770 1379 821 esee

278 874 435 967 possunt
449 888 564 961 quam
579 862 790 961 praeliomm
806 861 1114 958 victoriarumque
1129 852 1305 934 narratio.
1448 882 1451 895 ⁴

329 981 426 1055 Sunt
450 978 514 1076 qui
542 978 689 1064 livium
715 1000 761 1051 eo
788 978 914 1052 colore
938 975 1154 1062 defendant,
1177 977 1282 1072 quod
1307 976 1398 1050 illa
1425 999 1431 1031 ¹

279 1096 405 1172 omnia
429 1119 512 1191 quae
534 1093 574 1166 in
593 1117 639 1167 eo
659 1117 761 1166 nunc
782 1090 1010 1188 inquirimus,
1034 1090 1216 1164 Romanis
1236 1058 1424 1210 quibqp)
1450 1090 1451 1097 ’

280 1211 463 1288 scribebat
478 1207 673 1282 notissima
683 1232 766 1283 esse
782 1206 913 1281 seirat:
937 1204 1093 1280 Grecos
1105 1213 1241 1292 autem,
1254 1230 1377 1302 quum

280 1326 355 1402 suis
377 1325 507 1422 ignota
523 1322 735 1408 scriberent,
753 1346 905 1398 necesse
924 1318 1101 1397 habuisse
1115 1331 1253 1395 cuncta
1273 1320 1377 1418 sigil-

273 1426 385 1516 latim
401 1462 605 1514 recensere.

331 1555 410 1631 Sed
426 1579 474 1628 ex
489 1553 622 1651 priscis
646 1552 719 1627 illis
745 1551 920 1627 institutis
939 1550 1059 1625 multa
1083 1572 1174 1625 sane
1188 1557 1376 1625 vetustate

281 1670 530 1756 exoleverunt,
553 1668 671 1743 multa
693 1668 799 1742 novis
822 1667 964 1764 legibus
984 1666 1163 1763 abrogata
1183 1674 1375 1741 motatore

282 1788 447 1860 fuerant:
474 1774 563 1882 'quae
591 1784 747 1881 proinde
776 1806 907 1881 parum
933 1790 1025 1855 nota
1050 1780 1161 1876 vulgo
1189 1780 1374 1856 Romanis

281 1909 416 1972 essent.
467 1900 555 1971 Jam
581 1921 667 1970 vero
696 1897 824 1972 livius
851 1897 891 1970 in
916 1906 1022 1970 tanto
1047 1919 1160 1994 opere
1189 1920 1267 1970 non
1294 1922 1374 1971 sua

281 2012 396 2083 modo
418 2011 537 2084 atatis
559 2011 741 2098 homines,
764 2011 833 2086 sed
855 2020 894 2084 et
915 2021 1086 2109 posteros
1107 2011 1240 2085 intueri
1261 2013 1375 2087 debe

280 2118 357 2211 bat,
381 2124 431 2197 ad
452 2147 557 2221 quos·
570 2125 636 2198 illa
656 2125 855 2201 transmitti
870 2149 947 2199 non
962 2135 1146 2224 poterant,
1167 2126 1238 2200 nisi
1258 2127 1374 2202 histo

282 2237 367 2313 ricis
392 2240 628 2315 monimentis
654 2241 970 2339 consignarentur.
1023 2230 1115 2316 Non
1134 2266 1231 2338 agre
1249 2242 1289 2316 in
1308 2268 1372 2319 eo

282 2379 366 2429 rum
392 2355 613 2438 sententiam
641 2357 915 2446 descendimus,
943 2356 1006 2455 qui
1031 2356 1244 2433 erristimant
1267 2359 1375 2436 illum

266 2469 516 2568 'explicandae
539 2472 759 2570 eloquentia
782 2473 961 2571 cupidum
982 2471 1157 2546 maluisse
1177 2473 1217 2545 in
1238 2475 1379 2573 praliis

156 2624 162 2633 ·
232 2620 236 2626 ·
283 2578 500 2660 enarrandis
527 2597 705 2685 tanquam
738 2589 854 2663 libero
883 2609 1017 2685 campo
1049 2586 1226 2675 exultare,
1258 2613 1373 2686 quam

153 2759 158 2766 .
283 2702 425 2797 legibus
453 2693 686 2801 exponendis
714 2729 801 2780 cum
832 2713 990 2801 angusta
1018 2712 1057 2778 et
1084 2703 1192 2779 arida
1219 2706 1374 2781 materia
1450 2727 1451 2750 ¹

283 2809 426 2891 luctari.
1412 2755 1451 3066 A

122 2960 174 3070 ,⁰3¹¹
175 2957 292 3069 ἑιιιιοι0
333 2930 430 3005 Sunt
451 2919 577 3042 tamen
598 2957 682 3030 quae
702 2933 766 3008 ille
785 2933 932 3008 silentio
953 2934 1192 3022 tramiserit,
1180 2929 1220 3010 m
1238 2935 1391 3033 qmbu

122 3090 197 3201 {zm
160 3088 277 3211 :quja
257 3069 422 3145 magna
457 3035 540 3122 sese
573 3048 761 3148 aperiebat
792 3050 1046 3124 ostentandi
1035 3050 1171 3181 ingenii
1202 3051 1378 3126 acutas,

122 3282 275 3344 ¹³⁰l¹¹⁰⁸¹¹⁶⁰
286 3281 476 3358 Coriolani
492 3224 648 3376 jirdicio‚
671 3292 752 3355 turn
769 3282 870 3380 apud
888 3280 1143 3369 Plutarchum,
1160 3290 1240 3355 turn
1256 3275 1377 3355 maxi·

122 3411 186 3458 Put-
191 3409 224 3520 ¹0⁰
285 3418 345 3467 me
362 3397 463 3493 apud
477 3396 703 3493 Dionysium
719 3397 975 3495 explicantur?
1000 3395 1206 3493 Dionysius
1221 3396 1374 3495 quidem

122 3476 198 3649 iiii
189 3488 249 3585 ,ιιι
284 3499 396 3582 etiam
423 3510 579 3584 modum
605 3512 763 3587 fortasse
783 3512 895 3608 jnstae
920 3511 1141 3586 narrationis
1166 3511 1374 3608 egreditur:

122 3602 174 3716 2„¹,
172 3637 219 3716 'n
229 3672 270 3716 ,,
285 3625 353 3700 sed
376 3625 539 3700 livius
529 3649 569 3699 m
595 3627 750 3703 alteram
770 3637 913 3726 partem
936 3637 1079 3726 peccat,
1103 3627 1194 3701 dum
1219 3653 1266 3700 ea
1289 3651 1375 3723 qua

283 3744 368 3842 plus
392 3741 482 3816 satis
509 3745 610 3873 apud
627 3744 803 3819 Graecum
826 3743 1043 3840 scriptorem
1066 3741 1224 3815 dilatata
1244 3765 1377 3816 oocur·

282 3869 380 3947 runt,
403 3858 484 3957 ipse
499 3858 609 3932 nimis
624 3856 664 3930 in
680 3869 880 3955 anginmm
896 3857 1006 3956 cogit,
1026 3868 1065 3931 et
1086 3865 1293 3932 monstrata
1306 3880 1379 3955 po-

283 3974 356 4049 tius
373 3998 487 4073 quam
503 3972 675 4071 exposita
689 3971 820 4047 lectori
836 3973 1041 4071 relinquere
1057 3982 1243 4071 properat,
1284 3971 1380 4047 Dis-

283 4089 421 4166 cordia
455 4090 503 4162 de
530 4086 719 4163 Aventino
745 4087 987 4185 publicando,
1012 4097 1052 4163 et
1077 4111 1178 4163 anno
1204 4088 1382 4185 sequenti

282 4199 331 4274 de
357 4202 506 4277 delectu
533 4228 578 4277 ac
606 4204 654 4279 de
679 4202 762 4302 lege
783 4203 944 4298 Agraria
970 4227 995 4276 a
1021 4202 1209 4303 Dionysio
1234 4202 1296 4279 lib.
1321 4201 1379 4290 Χ.
