<?xml version="1.0" encoding="UTF-8"?>
<!DOCTYPE html PUBLIC "-//W3C//DTD XHTML 1.0 Transitional//EN"
    "http://www.w3.org/TR/xhtml1/DTD/xhtml1-transitional.dtd">
<html xmlns="http://www.w3.org/1999/xhtml" xml:lang="en" lang="en">
 <head>
  <title>
</title>
<meta http-equiv="Content-Type" content="text/html;charset=utf-8" />
  <meta name='ocr-system' content='tesseract 3.04.00' />
  <meta name='ocr-capabilities' content='ocr_page ocr_carea ocr_par ocr_line ocrx_word'/>
</head>
<body>
  <div class='ocr_page' id='page_1' title='image "./tliviipatavinih05crevgoog/tliviipatavinih05crevgoog_0082.png"; bbox 0 0 2942 4750; ppageno 0'>
   <div class='ocr_carea' id='block_1_1' title="bbox 289 233 975 304">
    <p class='ocr_par' dir='ltr' id='par_1_1' title="bbox 289 233 975 304">
     <span class='ocr_line' id='line_1_1' title="bbox 289 233 975 304; baseline -0.012 -3"><span class='ocrx_word' id='word_1_1' title='bbox 289 244 329 304; x_wconf 79' lang='grc'><strong>74</strong></span> <span class='ocrx_word' id='word_1_2' title='bbox 687 234 800 294; x_wconf 84' lang='grc' dir='ltr'>ΤῙΤΙ</span> <span class='ocrx_word' id='word_1_3' title='bbox 834 233 975 293; x_wconf 77' lang='lat' dir='ltr'><strong>mvn</strong></span> 
     </span>
    </p>
   </div>
   <div class='ocr_carea' id='block_1_2' title="bbox 123 397 1461 3634">
    <p class='ocr_par' dir='ltr' id='par_1_2' title="bbox 124 397 1360 2104">
     <span class='ocr_line' id='line_1_2' title="bbox 126 397 1360 489; baseline -0.006 -17"><span class='ocrx_word' id='word_1_4' title='bbox 126 425 195 473; x_wconf 82' lang='lat' dir='ltr'><strong>uc.</strong></span> <span class='ocrx_word' id='word_1_5' title='bbox 208 424 263 474; x_wconf 78' lang='lat' dir='ltr'><strong>aar.</strong></span> <span class='ocrx_word' id='word_1_6' title='bbox 288 404 392 467; x_wconf 82' lang='lat' dir='ltr'><strong>multis</strong></span> <span class='ocrx_word' id='word_1_7' title='bbox 414 404 593 489; x_wconf 74' lang='lat' dir='ltr'><em>magnisque</em></span> <span class='ocrx_word' id='word_1_8' title='bbox 617 398 731 461; x_wconf 70' lang='lat' dir='ltr'><strong>merua</strong></span> <span class='ocrx_word' id='word_1_9' title='bbox 754 418 835 478; x_wconf 86' lang='lat' dir='ltr'><strong>paee</strong></span> <span class='ocrx_word' id='word_1_10' title='bbox 858 398 993 482; x_wconf 81' lang='lat' dir='ltr'><strong>belloque</strong></span> <span class='ocrx_word' id='word_1_11' title='bbox 1010 404 1149 478; x_wconf 85' lang='lat' dir='ltr'><strong>partam,</strong></span> <span class='ocrx_word' id='word_1_12' title='bbox 1174 397 1360 483; x_wconf 68' lang='lat' dir='ltr'><strong>disjungeret</strong></span> 
     </span>
     <span class='ocr_line' id='line_1_3' title="bbox 125 482 1358 569; baseline -0.002 -17"><span class='ocrx_word' id='word_1_13' title='bbox 125 491 195 539; x_wconf 66' lang='grc' dir='ltr'><strong>Μ·</strong></span> <span class='ocrx_word' id='word_1_14' title='bbox 208 488 262 538; x_wconf 84' lang='lat'><strong>¹⁷¹·</strong></span> <span class='ocrx_word' id='word_1_15' title='bbox 288 490 350 553; x_wconf 80' lang='lat' dir='ltr'><strong>sibi</strong></span> <span class='ocrx_word' id='word_1_16' title='bbox 363 490 403 552; x_wconf 81' lang='lat' dir='ltr'><strong>ab</strong></span> <span class='ocrx_word' id='word_1_17' title='bbox 417 487 573 552; x_wconf 65' lang='lat' dir='ltr'><strong>Minna.</strong></span> <span class='ocrx_word' id='word_1_18' title='bbox 617 485 638 516; x_wconf 80' lang='lat'><strong>⁴⁹</strong></span> <span class='ocrx_word' id='word_1_19' title='bbox 649 483 702 546; x_wconf 85' lang='lat' dir='ltr'><strong>Ab</strong></span> <span class='ocrx_word' id='word_1_20' title='bbox 727 482 846 545; x_wconf 89' lang='lat' dir='ltr'><strong>Rhodo</strong></span> <span class='ocrx_word' id='word_1_21' title='bbox 867 484 1044 557; x_wconf 80' lang='lat' dir='ltr'><strong>redeuntes,</strong></span> <span class='ocrx_word' id='word_1_22' title='bbox 1071 482 1207 546; x_wconf 83' lang='lat' dir='ltr'><strong>Boeotiae</strong></span> <span class='ocrx_word' id='word_1_23' title='bbox 1229 505 1358 569; x_wconf 89' lang='lat' dir='ltr'><strong>quoque</strong></span> 
     </span>
     <span class='ocr_line' id='line_1_4' title="bbox 288 567 1356 647; baseline -0.005 -9"><span class='ocrx_word' id='word_1_24' title='bbox 288 575 442 647; x_wconf 79' lang='lat' dir='ltr'><strong>civitates,</strong></span> <span class='ocrx_word' id='word_1_25' title='bbox 458 585 489 635; x_wconf 90' lang='lat' dir='ltr'><strong>et</strong></span> <span class='ocrx_word' id='word_1_26' title='bbox 505 568 643 645; x_wconf 78' lang='lat' dir='ltr'>Thebas,</span> <span class='ocrx_word' id='word_1_27' title='bbox 665 581 697 630; x_wconf 85' lang='lat' dir='ltr'><strong>et</strong></span> <span class='ocrx_word' id='word_1_28' title='bbox 712 568 911 644; x_wconf 84' lang='lat' dir='ltr'><strong>Coronaeam,</strong></span> <span class='ocrx_word' id='word_1_29' title='bbox 928 580 961 632; x_wconf 88' lang='lat' dir='ltr'><strong>et</strong></span> <span class='ocrx_word' id='word_1_30' title='bbox 980 567 1172 643; x_wconf 79' lang='lat' dir='ltr'>Haliartum,</span> <span class='ocrx_word' id='word_1_31' title='bbox 1188 568 1356 634; x_wconf 84' lang='lat' dir='ltr'><strong>adierunt:</strong></span> 
     </span>
     <span class='ocr_line' id='line_1_5' title="bbox 287 653 1357 754; baseline -0.006 -29"><span class='ocrx_word' id='word_1_32' title='bbox 287 660 403 746; x_wconf 88' lang='lat' dir='ltr'><strong>quibus</strong></span> <span class='ocrx_word' id='word_1_33' title='bbox 416 675 599 737; x_wconf 83' lang='lat' dir='ltr'><strong>expressum</strong></span> <span class='ocrx_word' id='word_1_34' title='bbox 623 654 728 716; x_wconf 89' lang='lat' dir='ltr'><strong>invitis</strong></span> <span class='ocrx_word' id='word_1_35' title='bbox 751 654 1001 729; x_wconf 81' lang='lat' dir='ltr'><strong>existimabatur,</strong></span> <span class='ocrx_word' id='word_1_36' title='bbox 1017 664 1062 728; x_wconf 86' lang='lat' dir='ltr'><strong>ut,</strong></span> <span class='ocrx_word' id='word_1_37' title='bbox 1079 653 1188 717; x_wconf 89' lang='lat' dir='ltr'><strong>relicta</strong></span> <span class='ocrx_word' id='word_1_38' title='bbox 1202 657 1290 754; x_wconf 74' lang='lat' dir='ltr'><strong>regia</strong></span> <span class='ocrx_word' id='word_1_39' title='bbox 1304 676 1357 718; x_wconf 89' lang='lat' dir='ltr'><strong>so·</strong></span> 
     </span>
     <span class='ocr_line' id='line_1_6' title="bbox 287 738 1356 825; baseline -0.007 -15"><span class='ocrx_word' id='word_1_40' title='bbox 287 747 410 817; x_wconf 72' lang='lat' dir='ltr'><strong>cietaa,</strong></span> <span class='ocrx_word' id='word_1_41' title='bbox 430 739 584 803; x_wconf 87' lang='lat' dir='ltr'><strong>Romania</strong></span> <span class='ocrx_word' id='word_1_42' title='bbox 604 738 867 825; x_wconf 85' lang='lat' dir='ltr'><strong>adjungerentur.</strong></span> <span class='ocrx_word' id='word_1_43' title='bbox 911 738 1060 803; x_wconf 89' lang='lat' dir='ltr'><strong>Thebani</strong></span> <span class='ocrx_word' id='word_1_44' title='bbox 1075 738 1156 801; x_wconf 91' lang='lat' dir='ltr'><strong>nihil</strong></span> <span class='ocrx_word' id='word_1_45' title='bbox 1172 753 1251 802; x_wconf 79' lang='lat' dir='ltr'><strong>moti</strong></span> <span class='ocrx_word' id='word_1_46' title='bbox 1265 751 1356 803; x_wconf 89' lang='lat' dir='ltr'><strong>sunt:</strong></span> 
     </span>
     <span class='ocr_line' id='line_1_7' title="bbox 286 822 1356 974; baseline -0.004 -83"><span class='ocrx_word' id='word_1_47' title='bbox 286 846 478 974; x_wconf 72' lang='lat' dir='ltr'><strong>quamppam</strong></span> <span class='ocrx_word' id='word_1_48' title='bbox 500 824 659 902; x_wconf 89' lang='lat' dir='ltr'><strong>nonnihil,</strong></span> <span class='ocrx_word' id='word_1_49' title='bbox 686 840 717 888; x_wconf 90' lang='lat' dir='ltr'><strong>et</strong></span> <span class='ocrx_word' id='word_1_50' title='bbox 743 824 900 889; x_wconf 86' lang='lat' dir='ltr'><strong>damnatis</strong></span> <span class='ocrx_word' id='word_1_51' title='bbox 921 822 1127 908; x_wconf 89' lang='lat' dir='ltr'><strong>principibus,</strong></span> <span class='ocrx_word' id='word_1_52' title='bbox 1150 838 1183 888; x_wconf 87' lang='lat' dir='ltr'><strong>et</strong></span> <span class='ocrx_word' id='word_1_53' title='bbox 1205 826 1356 888; x_wconf 85' lang='lat' dir='ltr'><strong>restitutis</strong></span> 
     </span>
     <span class='ocr_line' id='line_1_8' title="bbox 286 910 1352 989; baseline -0.006 -12"><span class='ocrx_word' id='word_1_54' title='bbox 286 911 386 977; x_wconf 67' lang='lat' dir='ltr'><strong>assui</strong></span> <span class='ocrx_word' id='word_1_55' title='bbox 411 933 460 989; x_wconf 87' lang='lat' dir='ltr'><strong>us,</strong></span> <span class='ocrx_word' id='word_1_56' title='bbox 484 910 711 975; x_wconf 79' lang='lat' dir='ltr'><strong>succensebant</strong></span> <span class='ocrx_word' id='word_1_57' title='bbox 742 911 907 974; x_wconf 86' lang='lat' dir='ltr'><strong>Romanis.</strong></span> <span class='ocrx_word' id='word_1_58' title='bbox 951 910 1102 972; x_wconf 87' lang='lat' dir='ltr'><strong>Coronaei</strong></span> <span class='ocrx_word' id='word_1_59' title='bbox 1130 922 1162 972; x_wconf 89' lang='lat' dir='ltr'><strong>et</strong></span> <span class='ocrx_word' id='word_1_60' title='bbox 1193 910 1352 988; x_wconf 73' lang='lat' dir='ltr'><strong>Haliartii,</strong></span> 
     </span>
     <span class='ocr_line' id='line_1_9' title="bbox 285 994 1354 1082; baseline -0.004 -21"><span class='ocrx_word' id='word_1_61' title='bbox 285 998 394 1062; x_wconf 80' lang='lat' dir='ltr'><strong>favore</strong></span> <span class='ocrx_word' id='word_1_62' title='bbox 415 996 553 1082; x_wconf 89' lang='lat' dir='ltr'><strong>quodam</strong></span> <span class='ocrx_word' id='word_1_63' title='bbox 575 997 670 1061; x_wconf 88' lang='lat' dir='ltr'><strong>insito</strong></span> <span class='ocrx_word' id='word_1_64' title='bbox 691 997 725 1058; x_wconf 91' lang='lat' dir='ltr'><strong>in</strong></span> <span class='ocrx_word' id='word_1_65' title='bbox 748 1017 848 1082; x_wconf 82' lang='lat' dir='ltr'><strong>regas,</strong></span> <span class='ocrx_word' id='word_1_66' title='bbox 864 996 985 1080; x_wconf 83' lang='lat' dir='ltr'><strong>legatos</strong></span> <span class='ocrx_word' id='word_1_67' title='bbox 1004 995 1037 1057; x_wconf 92' lang='lat' dir='ltr'><strong>in</strong></span> <span class='ocrx_word' id='word_1_68' title='bbox 1054 994 1278 1059; x_wconf 83' lang='lat' dir='ltr'><strong>Macedoniam</strong></span> <span class='ocrx_word' id='word_1_69' title='bbox 1294 996 1354 1059; x_wconf 88' lang='lat' dir='ltr'><strong>mi·</strong></span> 
     </span>
     <span class='ocr_line' id='line_1_10' title="bbox 286 1080 1352 1180; baseline -0.001 -34"><span class='ocrx_word' id='word_1_70' title='bbox 286 1095 406 1159; x_wconf 81' lang='lat' dir='ltr'><strong>rerunt,</strong></span> <span class='ocrx_word' id='word_1_71' title='bbox 431 1080 613 1166; x_wconf 76' lang='lat' dir='ltr'><strong>praesidium</strong></span> <span class='ocrx_word' id='word_1_72' title='bbox 638 1092 792 1165; x_wconf 86' lang='lat' dir='ltr'><strong>petentes,</strong></span> <span class='ocrx_word' id='word_1_73' title='bbox 816 1102 882 1180; x_wconf 86' lang='lat' dir='ltr'><strong>quo</strong></span> <span class='ocrx_word' id='word_1_74' title='bbox 908 1103 941 1143; x_wconf 91' lang='lat' dir='ltr'><strong>se</strong></span> <span class='ocrx_word' id='word_1_75' title='bbox 971 1081 1120 1144; x_wconf 80' lang='lat' dir='ltr'><strong>adsersus</strong></span> <span class='ocrx_word' id='word_1_76' title='bbox 1153 1080 1352 1164; x_wconf 83' lang='lat' dir='ltr'><strong>inpotentem</strong></span> 
     </span>
     <span class='ocr_line' id='line_1_11' title="bbox 286 1164 1353 1252; baseline -0.002 -20"><span class='ocrx_word' id='word_1_77' title='bbox 286 1169 466 1252; x_wconf 84' lang='lat' dir='ltr'><strong>superbiam</strong></span> <span class='ocrx_word' id='word_1_78' title='bbox 498 1167 728 1235; x_wconf 87' lang='lat' dir='ltr'><strong>Thebanorum</strong></span> <span class='ocrx_word' id='word_1_79' title='bbox 755 1180 838 1228; x_wconf 80' lang='lat' dir='ltr'><strong>tueri</strong></span> <span class='ocrx_word' id='word_1_80' title='bbox 864 1164 994 1249; x_wconf 78' lang='lat' dir='ltr'><strong>possint.</strong></span> <span class='ocrx_word' id='word_1_81' title='bbox 1041 1165 1104 1229; x_wconf 89' lang='lat' dir='ltr'><strong>Cui</strong></span> <span class='ocrx_word' id='word_1_82' title='bbox 1128 1164 1277 1250; x_wconf 82' lang='lat' dir='ltr'><strong>legationi</strong></span> <span class='ocrx_word' id='word_1_83' title='bbox 1303 1186 1353 1230; x_wconf 89' lang='lat' dir='ltr'><strong>re·</strong></span> 
     </span>
     <span class='ocr_line' id='line_1_12' title="bbox 284 1253 1355 1339; baseline -0.001 -23"><span class='ocrx_word' id='word_1_84' title='bbox 284 1275 439 1338; x_wconf 72' lang='lat' dir='ltr'><strong>spormmn</strong></span> <span class='ocrx_word' id='word_1_85' title='bbox 454 1253 496 1319; x_wconf 89' lang='lat' dir='ltr'><strong>ab</strong></span> <span class='ocrx_word' id='word_1_86' title='bbox 511 1275 585 1339; x_wconf 78' lang='lat' dir='ltr'><strong>rega</strong></span> <span class='ocrx_word' id='word_1_87' title='bbox 597 1264 644 1316; x_wconf 86' lang='lat' dir='ltr'><strong>est</strong></span> <span class='ocrx_word' id='word_1_88' title='bbox 653 1263 671 1329; x_wconf 85' lang='lat'><strong>⁸,</strong></span> <span class='ocrx_word' id='word_1_89' title='bbox 685 1254 865 1334; x_wconf 73' lang='lat' dir='ltr'><strong>presidium</strong></span> <span class='ocrx_word' id='word_1_90' title='bbox 875 1274 907 1315; x_wconf 90' lang='lat' dir='ltr'><strong>se</strong></span> <span class='ocrx_word' id='word_1_91' title='bbox 917 1262 1042 1334; x_wconf 87' lang='lat' dir='ltr'><strong>propter</strong></span> <span class='ocrx_word' id='word_1_92' title='bbox 1056 1254 1196 1315; x_wconf 80' lang='lat' dir='ltr'><strong>inducias</strong></span> <span class='ocrx_word' id='word_1_93' title='bbox 1209 1274 1277 1314; x_wconf 93' lang='lat' dir='ltr'><strong>cum</strong></span> <span class='ocrx_word' id='word_1_94' title='bbox 1288 1254 1355 1315; x_wconf 87' lang='lat' dir='ltr'><strong>Ro·</strong></span> 
     </span>
     <span class='ocr_line' id='line_1_13' title="bbox 285 1338 1354 1424; baseline -0.003 -22"><span class='ocrx_word' id='word_1_95' title='bbox 285 1340 499 1424; x_wconf 80' lang='lat' dir='ltr'><strong>mauissactas</strong></span> <span class='ocrx_word' id='word_1_96' title='bbox 519 1343 640 1403; x_wconf 89' lang='lat' dir='ltr'><strong>mittere</strong></span> <span class='ocrx_word' id='word_1_97' title='bbox 653 1360 714 1401; x_wconf 89' lang='lat' dir='ltr'><strong>aon</strong></span> <span class='ocrx_word' id='word_1_98' title='bbox 723 1359 829 1421; x_wconf 85' lang='lat' dir='ltr'><strong>posse.-</strong></span> <span class='ocrx_word' id='word_1_99' title='bbox 852 1347 953 1400; x_wconf 88' lang='lat' dir='ltr'><strong>tameu</strong></span> <span class='ocrx_word' id='word_1_100' title='bbox 974 1339 1112 1416; x_wconf 87' lang='lat' dir='ltr'><strong>suadere,</strong></span> <span class='ocrx_word' id='word_1_101' title='bbox 1127 1340 1175 1400; x_wconf 89' lang='lat' dir='ltr'><strong>ita</strong></span> <span class='ocrx_word' id='word_1_102' title='bbox 1196 1358 1217 1400; x_wconf 92' lang='lat' dir='ltr'><strong>a</strong></span> <span class='ocrx_word' id='word_1_103' title='bbox 1235 1340 1268 1401; x_wconf 91' lang='lat' dir='ltr'><em>T</em></span> <span class='ocrx_word' id='word_1_104' title='bbox 1263 1338 1354 1400; x_wconf 83' lang='lat' dir='ltr'><strong>heba-</strong></span> 
     </span>
     <span class='ocr_line' id='line_1_14' title="bbox 284 1424 1355 1510; baseline -0.003 -22"><span class='ocrx_word' id='word_1_105' title='bbox 284 1447 389 1489; x_wconf 85' lang='lat' dir='ltr'><strong>norum</strong></span> <span class='ocrx_word' id='word_1_106' title='bbox 411 1426 546 1509; x_wconf 84' lang='lat' dir='ltr'><strong>injuriis,</strong></span> <span class='ocrx_word' id='word_1_107' title='bbox 570 1447 632 1510; x_wconf 74' lang='lat' dir='ltr'><strong>aaa</strong></span> <span class='ocrx_word' id='word_1_108' title='bbox 648 1435 784 1508; x_wconf 78' lang='lat' dir='ltr'><strong>possent,</strong></span> <span class='ocrx_word' id='word_1_109' title='bbox 806 1433 841 1486; x_wconf 87' lang='lat' dir='ltr'><strong>at</strong></span> <span class='ocrx_word' id='word_1_110' title='bbox 861 1444 894 1487; x_wconf 89' lang='lat' dir='ltr'><strong>se</strong></span> <span class='ocrx_word' id='word_1_111' title='bbox 914 1425 1117 1499; x_wconf 86' lang='lat' dir='ltr'><strong>vindicarent,</strong></span> <span class='ocrx_word' id='word_1_112' title='bbox 1141 1444 1179 1485; x_wconf 87' lang='lat' dir='ltr'><strong>ae</strong></span> <span class='ocrx_word' id='word_1_113' title='bbox 1204 1424 1355 1487; x_wconf 78' lang='lat' dir='ltr'><strong>Romanis</strong></span> 
     </span>
     <span class='ocr_line' id='line_1_15' title="bbox 282 1511 1347 1594; baseline 0 -21"><span class='ocrx_word' id='word_1_114' title='bbox 282 1512 455 1594; x_wconf 65' lang='lat' dir='ltr'><strong>praemrast</strong></span> <span class='ocrx_word' id='word_1_115' title='bbox 468 1533 603 1574; x_wconf 73' lang='lat' dir='ltr'><strong>cuasam</strong></span> <span class='ocrx_word' id='word_1_116' title='bbox 618 1513 696 1574; x_wconf 88' lang='lat' dir='ltr'><strong>inse</strong></span> <span class='ocrx_word' id='word_1_117' title='bbox 709 1511 864 1576; x_wconf 81' lang='lat' dir='ltr'><strong>saeoiendi.</strong></span> <span class='ocrx_word' id='word_1_118' title='bbox 1340 1550 1347 1559; x_wconf 70' lang='lat'><em>›</em></span> 
     </span>
     <span class='ocr_line' id='line_1_16' title="bbox 124 1594 1353 1681; baseline -0.001 -21"><span class='ocrx_word' id='word_1_119' title='bbox 124 1619 273 1667; x_wconf 68' lang='lat' dir='ltr'><strong>Mauorte-</strong></span> <span class='ocrx_word' id='word_1_120' title='bbox 329 1595 466 1660; x_wconf 86' lang='lat' dir='ltr'><strong>XLVll.</strong></span> <span class='ocrx_word' id='word_1_121' title='bbox 490 1594 634 1658; x_wconf 80' lang='lat' dir='ltr'><strong>Marcius</strong></span> <span class='ocrx_word' id='word_1_122' title='bbox 656 1607 688 1658; x_wconf 92' lang='lat' dir='ltr'><strong>et</strong></span> <span class='ocrx_word' id='word_1_123' title='bbox 712 1596 828 1659; x_wconf 81' lang='lat' dir='ltr'><strong>Atilius</strong></span> <span class='ocrx_word' id='word_1_124' title='bbox 846 1597 982 1659; x_wconf 85' lang='lat' dir='ltr'><strong>Romam</strong></span> <span class='ocrx_word' id='word_1_125' title='bbox 1004 1617 1103 1681; x_wconf 87' lang='lat' dir='ltr'><strong>quum</strong></span> <span class='ocrx_word' id='word_1_126' title='bbox 1125 1597 1291 1673; x_wconf 83' lang='lat' dir='ltr'><strong>venissent,</strong></span> <span class='ocrx_word' id='word_1_127' title='bbox 1309 1596 1353 1659; x_wconf 64' lang='lat' dir='ltr'><strong>lea</strong></span> 
     </span>
     <span class='ocr_line' id='line_1_17' title="bbox 124 1680 1354 1769; baseline 0 -26"><span class='ocrx_word' id='word_1_128' title='bbox 124 1685 248 1743; x_wconf 60' lang='lat' dir='ltr'><strong>essim</strong></span> <span class='ocrx_word' id='word_1_129' title='bbox 287 1681 449 1769; x_wconf 82' lang='lat' dir='ltr'><strong>gationem</strong></span> <span class='ocrx_word' id='word_1_130' title='bbox 464 1682 497 1743; x_wconf 91' lang='lat' dir='ltr'><strong>in</strong></span> <span class='ocrx_word' id='word_1_131' title='bbox 515 1680 675 1763; x_wconf 85' lang='lat' dir='ltr'><strong>Capitolio</strong></span> <span class='ocrx_word' id='word_1_132' title='bbox 697 1682 743 1743; x_wconf 89' lang='lat' dir='ltr'><strong>ita</strong></span> <span class='ocrx_word' id='word_1_133' title='bbox 768 1684 1008 1760; x_wconf 78' lang='lat' dir='ltr'><strong>renuntiarunt,</strong></span> <span class='ocrx_word' id='word_1_134' title='bbox 1022 1695 1059 1745; x_wconf 88' lang='lat' dir='ltr'><strong>ut</strong></span> <span class='ocrx_word' id='word_1_135' title='bbox 1083 1680 1173 1745; x_wconf 89' lang='lat' dir='ltr'><strong>nulls</strong></span> <span class='ocrx_word' id='word_1_136' title='bbox 1195 1704 1230 1745; x_wconf 92' lang='lat' dir='ltr'><strong>re</strong></span> <span class='ocrx_word' id='word_1_137' title='bbox 1253 1683 1354 1764; x_wconf 80' lang='lat' dir='ltr'><strong>magis</strong></span> 
     </span>
     <span class='ocr_line' id='line_1_18' title="bbox 287 1765 1352 1855; baseline -0.001 -25"><span class='ocrx_word' id='word_1_138' title='bbox 287 1768 509 1855; x_wconf 79' lang='lat' dir='ltr'><strong>gloriarentur,</strong></span> <span class='ocrx_word' id='word_1_139' title='bbox 521 1787 617 1851; x_wconf 88' lang='lat' dir='ltr'><strong>quam</strong></span> <span class='ocrx_word' id='word_1_140' title='bbox 628 1765 764 1849; x_wconf 85' lang='lat' dir='ltr'><strong>decepto</strong></span> <span class='ocrx_word' id='word_1_141' title='bbox 778 1788 836 1850; x_wconf 88' lang='lat' dir='ltr'><strong>per</strong></span> <span class='ocrx_word' id='word_1_142' title='bbox 848 1768 990 1830; x_wconf 86' lang='lat' dir='ltr'><strong>inducias</strong></span> <span class='ocrx_word' id='word_1_143' title='bbox 1012 1782 1043 1830; x_wconf 92' lang='lat' dir='ltr'><strong>et</strong></span> <span class='ocrx_word' id='word_1_144' title='bbox 1065 1788 1152 1851; x_wconf 85' lang='lat' dir='ltr'><strong>spem</strong></span> <span class='ocrx_word' id='word_1_145' title='bbox 1167 1769 1256 1853; x_wconf 76' lang='lat' dir='ltr'><strong>pacis·</strong></span> <span class='ocrx_word' id='word_1_146' title='bbox 1267 1789 1352 1854; x_wconf 78' lang='lat' dir='ltr'><strong>rege.</strong></span> 
     </span>
     <span class='ocr_line' id='line_1_19' title="bbox 288 1850 1356 1936; baseline -0.005 -15"><span class='ocrx_word' id='word_1_147' title='bbox 288 1855 377 1921; x_wconf 89' lang='lat' dir='ltr'><strong>Adeo</strong></span> <span class='ocrx_word' id='word_1_148' title='bbox 391 1856 473 1918; x_wconf 89' lang='lat' dir='ltr'><strong>enim</strong></span> <span class='ocrx_word' id='word_1_149' title='bbox 486 1852 688 1935; x_wconf 79' lang='lat' dir='ltr'><strong>adparatilas</strong></span> <span class='ocrx_word' id='word_1_150' title='bbox 708 1850 781 1914; x_wconf 85' lang='lat' dir='ltr'><strong>belli</strong></span> <span class='ocrx_word' id='word_1_151' title='bbox 790 1854 892 1936; x_wconf 68' lang='lat' dir='ltr'><strong>fluisse</strong></span> <span class='ocrx_word' id='word_1_152' title='bbox 907 1855 1091 1928; x_wconf 68' lang='lat' dir='ltr'><strong>instanciam,</strong></span> <span class='ocrx_word' id='word_1_153' title='bbox 1108 1854 1185 1934; x_wconf 84' lang='lat' dir='ltr'><strong>ipsis</strong></span> <span class='ocrx_word' id='word_1_154' title='bbox 1198 1855 1285 1916; x_wconf 84' lang='lat' dir='ltr'><strong>nulla</strong></span> <span class='ocrx_word' id='word_1_155' title='bbox 1297 1873 1356 1934; x_wconf 88' lang='lat' dir='ltr'><strong>po·</strong></span> 
     </span>
     <span class='ocr_line' id='line_1_20' title="bbox 286 1939 1354 2020; baseline 0.001 -21"><span class='ocrx_word' id='word_1_156' title='bbox 286 1949 361 2000; x_wconf 89' lang='lat' dir='ltr'><strong>rato</strong></span> <span class='ocrx_word' id='word_1_157' title='bbox 375 1960 419 2016; x_wconf 87' lang='lat' dir='ltr'><strong>re,</strong></span> <span class='ocrx_word' id='word_1_158' title='bbox 435 1950 470 2002; x_wconf 89' lang='lat' dir='ltr'><strong>ut</strong></span> <span class='ocrx_word' id='word_1_159' title='bbox 483 1940 580 2001; x_wconf 82' lang='lat' dir='ltr'><strong>mania</strong></span> <span class='ocrx_word' id='word_1_160' title='bbox 595 1944 766 2019; x_wconf 88' lang='lat' dir='ltr'><strong>opportuno</strong></span> <span class='ocrx_word' id='word_1_161' title='bbox 785 1940 852 1999; x_wconf 89' lang='lat' dir='ltr'><strong>loca</strong></span> <span class='ocrx_word' id='word_1_162' title='bbox 871 1939 1083 2018; x_wconf 68' lang='lat' dir='ltr'><strong>maeoecupari</strong></span> <span class='ocrx_word' id='word_1_163' title='bbox 1096 1948 1168 2000; x_wconf 84' lang='lat' dir='ltr'><strong>arde</strong></span> <span class='ocrx_word' id='word_1_164' title='bbox 1188 1939 1227 2000; x_wconf 84' lang='lat' dir='ltr'><strong>ab</strong></span> <span class='ocrx_word' id='word_1_165' title='bbox 1247 1961 1283 2001; x_wconf 93' lang='lat' dir='ltr'><strong>eo</strong></span> <span class='ocrx_word' id='word_1_166' title='bbox 1293 1960 1354 2020; x_wconf 88' lang='lat' dir='ltr'><strong>po-</strong></span> 
     </span>
     <span class='ocr_line' id='line_1_21' title="bbox 285 2021 1355 2104; baseline 0.002 -20"><span class='ocrx_word' id='word_1_167' title='bbox 285 2024 412 2097; x_wconf 84' lang='lat' dir='ltr'><strong>tuerint,</strong></span> <span class='ocrx_word' id='word_1_168' title='bbox 429 2045 518 2104; x_wconf 82' lang='lat' dir='ltr'><strong>quam</strong></span> <span class='ocrx_word' id='word_1_169' title='bbox 544 2025 693 2086; x_wconf 78' lang='lat' dir='ltr'><strong>euercitta</strong></span> <span class='ocrx_word' id='word_1_170' title='bbox 714 2025 748 2084; x_wconf 85' lang='lat' dir='ltr'><strong>in</strong></span> <span class='ocrx_word' id='word_1_171' title='bbox 764 2022 916 2086; x_wconf 71' lang='lat' dir='ltr'><strong>Graeciam</strong></span> <span class='ocrx_word' id='word_1_172' title='bbox 930 2021 1132 2104; x_wconf 72' lang='lat' dir='ltr'><strong>trry&#39;icaretur.</strong></span> <span class='ocrx_word' id='word_1_173' title='bbox 1174 2024 1284 2103; x_wconf 87' lang='lat' dir='ltr'><strong>Spatia</strong></span> <span class='ocrx_word' id='word_1_174' title='bbox 1298 2038 1355 2086; x_wconf 75' lang='lat' dir='ltr'><strong>aar·</strong></span> 
     </span>
    </p>

    <p class='ocr_par' dir='ltr' id='par_1_3' title="bbox 201 2106 1358 2535">
     <span class='ocr_line' id='line_1_22' title="bbox 201 2106 1355 2186; baseline 0.003 -18"><span class='ocrx_word' id='word_1_175' title='bbox 201 2140 216 2153; x_wconf 91' lang='lat'><strong>·</strong></span> <span class='ocrx_word' id='word_1_176' title='bbox 286 2115 349 2168; x_wconf 84' lang='lat' dir='ltr'><strong>tam</strong></span> <span class='ocrx_word' id='word_1_177' title='bbox 373 2108 566 2169; x_wconf 77' lang='lat' dir='ltr'><strong>induciarum</strong></span> <span class='ocrx_word' id='word_1_178' title='bbox 589 2116 696 2183; x_wconf 71' lang='lat' dir='ltr'><strong>anso,</strong></span> <span class='ocrx_word' id='word_1_179' title='bbox 723 2118 877 2170; x_wconf 73' lang='lat' dir='ltr'><strong>centanam</strong></span> <span class='ocrx_word' id='word_1_180' title='bbox 905 2108 991 2168; x_wconf 89' lang='lat' dir='ltr'><strong>illam</strong></span> <span class='ocrx_word' id='word_1_181' title='bbox 1019 2106 1119 2167; x_wconf 76' lang='lat' dir='ltr'><strong>nihilo</strong></span> <span class='ocrx_word' id='word_1_182' title='bbox 1141 2110 1355 2186; x_wconf 64' lang='lat' dir='ltr'><strong>paratiorem</strong></span> 
     </span>
     <span class='ocr_line' id='line_1_23' title="bbox 285 2191 1357 2273; baseline 0.003 -19"><span class='ocrx_word' id='word_1_183' title='bbox 285 2191 444 2256; x_wconf 81' lang='lat' dir='ltr'><strong>Romanos</strong></span> <span class='ocrx_word' id='word_1_184' title='bbox 456 2193 591 2256; x_wconf 61' lang='lat' dir='ltr'><strong>omnam</strong></span> <span class='ocrx_word' id='word_1_185' title='bbox 603 2194 815 2255; x_wconf 67' lang='lat' dir='ltr'><strong>instantiores</strong></span> <span class='ocrx_word' id='word_1_186' title='bbox 833 2192 922 2255; x_wconf 77' lang='lat' dir='ltr'><strong>rebus</strong></span> <span class='ocrx_word' id='word_1_187' title='bbox 935 2201 1084 2273; x_wconf 83' lang='lat' dir='ltr'><strong>coepturos</strong></span> <span class='ocrx_word' id='word_1_188' title='bbox 1098 2191 1215 2253; x_wconf 85' lang='lat' dir='ltr'><strong>bellum.</strong></span> <span class='ocrx_word' id='word_1_189' title='bbox 1259 2193 1357 2257; x_wconf 83' lang='lat' dir='ltr'><strong>Boeo-</strong></span> 
     </span>
     <span class='ocr_line' id='line_1_24' title="bbox 286 2275 1358 2362; baseline 0.003 -23"><span class='ocrx_word' id='word_1_190' title='bbox 286 2285 384 2339; x_wconf 86' lang='lat' dir='ltr'><strong>torum</strong></span> <span class='ocrx_word' id='word_1_191' title='bbox 398 2299 513 2362; x_wconf 77' lang='lat' dir='ltr'><strong>quoqrm</strong></span> <span class='ocrx_word' id='word_1_192' title='bbox 525 2299 559 2341; x_wconf 90' lang='lat' dir='ltr'><strong>se</strong></span> <span class='ocrx_word' id='word_1_193' title='bbox 570 2278 725 2341; x_wconf 85' lang='lat' dir='ltr'><strong>concilium</strong></span> <span class='ocrx_word' id='word_1_194' title='bbox 740 2286 809 2340; x_wconf 87' lang='lat' dir='ltr'><strong>arte</strong></span> <span class='ocrx_word' id='word_1_195' title='bbox 818 2279 1006 2351; x_wconf 74' lang='lat' dir='ltr'><strong>distraxisse,</strong></span> <span class='ocrx_word' id='word_1_196' title='bbox 1018 2299 1056 2339; x_wconf 89' lang='lat' dir='ltr'><strong>ae</strong></span> <span class='ocrx_word' id='word_1_197' title='bbox 1062 2275 1209 2360; x_wconf 83' lang='lat' dir='ltr'><strong>conjungi</strong></span> <span class='ocrx_word' id='word_1_198' title='bbox 1222 2278 1358 2358; x_wconf 79' lang='lat' dir='ltr'><strong>amplisu</strong></span> 
     </span>
     <span class='ocr_line' id='line_1_25' title="bbox 282 2360 1355 2445; baseline 0.002 -19"><span class='ocrx_word' id='word_1_199' title='bbox 282 2363 349 2426; x_wconf 80' lang='lat' dir='ltr'><strong>ullo</strong></span> <span class='ocrx_word' id='word_1_200' title='bbox 362 2386 507 2428; x_wconf 79' lang='lat' dir='ltr'><strong>maseraa</strong></span> <span class='ocrx_word' id='word_1_201' title='bbox 520 2364 739 2428; x_wconf 78' lang='lat' dir='ltr'><strong>Macedonibus</strong></span> <span class='ocrx_word' id='word_1_202' title='bbox 750 2373 879 2445; x_wconf 61' lang='lat' dir='ltr'><strong>possent,</strong></span> <span class='ocrx_word' id='word_1_203' title='bbox 925 2363 1019 2443; x_wconf 83' lang='lat' dir='ltr'><strong>Hoec,</strong></span> <span class='ocrx_word' id='word_1_204' title='bbox 1035 2374 1071 2425; x_wconf 91' lang='lat' dir='ltr'><strong>ut</strong></span> <span class='ocrx_word' id='word_1_205' title='bbox 1087 2384 1212 2425; x_wconf 87' lang='lat' dir='ltr'><strong>summa</strong></span> <span class='ocrx_word' id='word_1_206' title='bbox 1230 2360 1355 2428; x_wconf 85' lang='lat' dir='ltr'><strong>ratione</strong></span> 
     </span>
     <span class='ocr_line' id='line_1_26' title="bbox 285 2447 1356 2535; baseline -0.001 -23"><span class='ocrx_word' id='word_1_207' title='bbox 285 2462 367 2527; x_wconf 83' lang='lat' dir='ltr'><strong>acta,</strong></span> <span class='ocrx_word' id='word_1_208' title='bbox 385 2472 500 2535; x_wconf 86' lang='lat' dir='ltr'><strong>magna</strong></span> <span class='ocrx_word' id='word_1_209' title='bbox 514 2472 589 2534; x_wconf 88' lang='lat' dir='ltr'><strong>pars</strong></span> <span class='ocrx_word' id='word_1_210' title='bbox 603 2462 731 2514; x_wconf 84' lang='lat' dir='ltr'><strong>senatus</strong></span> <span class='ocrx_word' id='word_1_211' title='bbox 746 2447 960 2533; x_wconf 85' lang='lat' dir='ltr'><strong>adprobabat:</strong></span> <span class='ocrx_word' id='word_1_212' title='bbox 984 2463 1104 2511; x_wconf 84' lang='lat' dir='ltr'><strong>veteres</strong></span> <span class='ocrx_word' id='word_1_213' title='bbox 1126 2461 1158 2510; x_wconf 89' lang='lat' dir='ltr'><strong>et</strong></span> <span class='ocrx_word' id='word_1_214' title='bbox 1178 2450 1276 2511; x_wconf 86' lang='lat' dir='ltr'><strong>moris</strong></span> <span class='ocrx_word' id='word_1_215' title='bbox 1298 2471 1356 2513; x_wconf 91' lang='lat' dir='ltr'><strong>an·</strong></span> 
     </span>
    </p>

    <p class='ocr_par' dir='ltr' id='par_1_4' title="bbox 123 2534 1461 3634">
     <span class='ocr_line' id='line_1_27' title="bbox 123 2534 1352 2621; baseline -0.002 -19"><span class='ocrx_word' id='word_1_216' title='bbox 123 2553 271 2602; x_wconf 62' lang='lat' dir='ltr'><strong>maurn-</strong></span> <span class='ocrx_word' id='word_1_217' title='bbox 283 2534 367 2620; x_wconf 86' lang='lat' dir='ltr'><strong>tiqui</strong></span> <span class='ocrx_word' id='word_1_218' title='bbox 383 2558 539 2599; x_wconf 84' lang='lat' dir='ltr'><strong>memores</strong></span> <span class='ocrx_word' id='word_1_219' title='bbox 554 2535 723 2621; x_wconf 82' lang='lat' dir='ltr'><strong>negabant,</strong></span> <span class='ocrx_word' id='word_1_220' title='bbox 739 2557 771 2598; x_wconf 88' lang='lat' dir='ltr'><strong>se</strong></span> <span class='ocrx_word' id='word_1_221' title='bbox 791 2538 824 2596; x_wconf 90' lang='lat' dir='ltr'><strong>in</strong></span> <span class='ocrx_word' id='word_1_222' title='bbox 845 2557 882 2597; x_wconf 83' lang='lat' dir='ltr'><strong>ea</strong></span> <span class='ocrx_word' id='word_1_223' title='bbox 904 2535 1057 2617; x_wconf 84' lang='lat' dir='ltr'><strong>legatione</strong></span> <span class='ocrx_word' id='word_1_224' title='bbox 1074 2534 1229 2597; x_wconf 79' lang='lat' dir='ltr'><strong>Romanas</strong></span> <span class='ocrx_word' id='word_1_225' title='bbox 1242 2555 1352 2618; x_wconf 51' lang='lat' dir='ltr'><strong>abanos·</strong></span> 
     </span>
     <span class='ocr_line' id='line_1_28' title="bbox 123 2620 1437 2699; baseline 0.004 -21"><span class='ocrx_word' id='word_1_226' title='bbox 123 2620 246 2678; x_wconf 51' lang='lat' dir='ltr'><strong>mhi-¹¹·</strong></span> <span class='ocrx_word' id='word_1_227' title='bbox 284 2642 350 2682; x_wconf 88' lang='lat' dir='ltr'><strong>cere</strong></span> <span class='ocrx_word' id='word_1_228' title='bbox 371 2632 464 2682; x_wconf 80' lang='lat' dir='ltr'><strong>mres.</strong></span> <span class='ocrx_word' id='word_1_229' title='bbox 511 2621 581 2681; x_wconf 89' lang='lat' dir='ltr'><strong>Noa</strong></span> <span class='ocrx_word' id='word_1_230' title='bbox 594 2641 655 2699; x_wconf 86' lang='lat' dir='ltr'><strong>per</strong></span> <span class='ocrx_word' id='word_1_231' title='bbox 669 2621 802 2680; x_wconf 82' lang='lat' dir='ltr'><strong>insidias</strong></span> <span class='ocrx_word' id='word_1_232' title='bbox 815 2629 846 2679; x_wconf 86' lang='lat' dir='ltr'><strong>et</strong></span> <span class='ocrx_word' id='word_1_233' title='bbox 859 2629 1009 2679; x_wconf 71' lang='lat' dir='ltr'><strong>marana</strong></span> <span class='ocrx_word' id='word_1_234' title='bbox 1022 2621 1143 2696; x_wconf 83' lang='lat' dir='ltr'><strong>pratia,</strong></span> <span class='ocrx_word' id='word_1_235' title='bbox 1159 2621 1352 2683; x_wconf 84' lang='lat' dir='ltr'><strong>uecsimala·</strong></span> <span class='ocrx_word' id='word_1_236' title='bbox 1431 2677 1437 2698; x_wconf 84' lang='grc'>,</span> 
     </span>
     <span class='ocr_line' id='line_1_29' title="bbox 285 2700 1461 2785; baseline 0.003 -20"><span class='ocrx_word' id='word_1_237' title='bbox 285 2712 346 2765; x_wconf 85' lang='lat' dir='ltr'><strong>tam</strong></span> <span class='ocrx_word' id='word_1_238' title='bbox 360 2700 473 2785; x_wconf 83' lang='lat' dir='ltr'><strong>sagam</strong></span> <span class='ocrx_word' id='word_1_239' title='bbox 494 2703 717 2781; x_wconf 83' lang='lat' dir='ltr'><strong>inprovisosque</strong></span> <span class='ocrx_word' id='word_1_240' title='bbox 737 2702 780 2761; x_wconf 86' lang='lat' dir='ltr'><strong>ad</strong></span> <span class='ocrx_word' id='word_1_241' title='bbox 801 2702 952 2762; x_wconf 77' lang='lat' dir='ltr'><strong>ianuam</strong></span> <span class='ocrx_word' id='word_1_242' title='bbox 974 2702 1085 2764; x_wconf 75' lang='lat' dir='ltr'><strong>hosam</strong></span> <span class='ocrx_word' id='word_1_243' title='bbox 1104 2706 1230 2780; x_wconf 88' lang='lat' dir='ltr'><strong>reditus,</strong></span> <span class='ocrx_word' id='word_1_244' title='bbox 1247 2726 1300 2768; x_wconf 83' lang='lat' dir='ltr'><strong>aec</strong></span> <span class='ocrx_word' id='word_1_245' title='bbox 1318 2716 1354 2769; x_wconf 87' lang='lat' dir='ltr'><strong>at</strong></span> <span class='ocrx_word' id='word_1_246' title='bbox 1459 2780 1461 2785; x_wconf 15' lang='lat' dir='ltr'><em>A</em></span> 
     </span>
     <span class='ocr_line' id='line_1_30' title="bbox 285 2785 1353 2872; baseline 0.005 -23"><span class='ocrx_word' id='word_1_247' title='bbox 285 2796 355 2850; x_wconf 76' lang='lat' dir='ltr'><strong>ostra</strong></span> <span class='ocrx_word' id='word_1_248' title='bbox 378 2786 487 2869; x_wconf 81' lang='lat' dir='ltr'><strong>magis,</strong></span> <span class='ocrx_word' id='word_1_249' title='bbox 514 2806 605 2866; x_wconf 83' lang='lat' dir='ltr'><strong>qaam</strong></span> <span class='ocrx_word' id='word_1_250' title='bbox 634 2805 707 2847; x_wconf 89' lang='lat' dir='ltr'><strong>uera</strong></span> <span class='ocrx_word' id='word_1_251' title='bbox 736 2785 858 2859; x_wconf 84' lang='lat' dir='ltr'><strong>uirtute,</strong></span> <span class='ocrx_word' id='word_1_252' title='bbox 880 2786 1100 2868; x_wconf 85' lang='lat' dir='ltr'><strong>gloriarentur,</strong></span> <span class='ocrx_word' id='word_1_253' title='bbox 1124 2789 1204 2852; x_wconf 78' lang='lat' dir='ltr'><strong>tella</strong></span> <span class='ocrx_word' id='word_1_254' title='bbox 1224 2788 1353 2872; x_wconf 77' lang='lat' dir='ltr'><strong>majores</strong></span> 
     </span>
     <span class='ocr_line' id='line_1_31' title="bbox 264 2870 1355 2956; baseline 0.005 -22"><span class='ocrx_word' id='word_1_255' title='bbox 264 2879 267 2886; x_wconf 83' lang='lat'><em>&#39;</em></span> <span class='ocrx_word' id='word_1_256' title='bbox 282 2871 421 2956; x_wconf 80' lang='lat' dir='ltr'><strong>gessisse.</strong></span> <span class='ocrx_word' id='word_1_257' title='bbox 442 2872 464 2905; x_wconf 84' lang='lat'><strong>⁸⁰</strong></span> <span class='ocrx_word' id='word_1_258' title='bbox 473 2870 607 2932; x_wconf 85' lang='lat' dir='ltr'><strong>indicere</strong></span> <span class='ocrx_word' id='word_1_259' title='bbox 612 2871 713 2950; x_wconf 82' lang='lat' dir='ltr'><strong>prius,</strong></span> <span class='ocrx_word' id='word_1_260' title='bbox 727 2889 818 2951; x_wconf 74' lang='lat' dir='ltr'><strong>meam</strong></span> <span class='ocrx_word' id='word_1_261' title='bbox 827 2889 947 2952; x_wconf 86' lang='lat' dir='ltr'><strong>gerere,</strong></span> <span class='ocrx_word' id='word_1_262' title='bbox 953 2873 1059 2935; x_wconf 87' lang='lat' dir='ltr'><strong>solitos</strong></span> <span class='ocrx_word' id='word_1_263' title='bbox 1068 2872 1158 2949; x_wconf 76' lang='lat' dir='ltr'><strong>aeta,</strong></span> <span class='ocrx_word' id='word_1_264' title='bbox 1169 2877 1355 2939; x_wconf 85' lang='lat' dir='ltr'><strong>denunciare</strong></span> 
     </span>
     <span class='ocr_line' id='line_1_32' title="bbox 284 2954 1357 3037; baseline 0.004 -17"><span class='ocrx_word' id='word_1_265' title='bbox 284 2956 400 3031; x_wconf 77' lang='lat' dir='ltr'><strong>etiam3</strong></span> <span class='ocrx_word' id='word_1_266' title='bbox 422 2955 572 3020; x_wconf 73' lang='lat' dir='ltr'><strong>aunan</strong></span> <span class='ocrx_word' id='word_1_267' title='bbox 588 2954 793 3036; x_wconf 79' lang='lat' dir='ltr'><strong>lontmfiaire,</strong></span> <span class='ocrx_word' id='word_1_268' title='bbox 804 2956 838 3015; x_wconf 89' lang='lat' dir='ltr'><strong>in</strong></span> <span class='ocrx_word' id='word_1_269' title='bbox 848 2957 1090 3037; x_wconf 69' lang='lat' dir='ltr'><strong>quadimicaturi</strong></span> <span class='ocrx_word' id='word_1_270' title='bbox 1104 2970 1209 3023; x_wconf 87' lang='lat' dir='ltr'><strong>essent.</strong></span> <span class='ocrx_word' id='word_1_271' title='bbox 1232 2963 1357 3024; x_wconf 86' lang='lat' dir='ltr'><strong>Eadem</strong></span> 
     </span>
     <span class='ocr_line' id='line_1_33' title="bbox 272 3040 1353 3127; baseline 0.005 -22"><span class='ocrx_word' id='word_1_272' title='bbox 272 3042 345 3125; x_wconf 77' lang='lat' dir='ltr'><strong>fide</strong></span> <span class='ocrx_word' id='word_1_273' title='bbox 366 3043 533 3106; x_wconf 87' lang='lat' dir='ltr'><strong>indicatam</strong></span> <span class='ocrx_word' id='word_1_274' title='bbox 559 3040 682 3123; x_wconf 79' lang='lat' dir='ltr'><strong>Pyrrho</strong></span> <span class='ocrx_word' id='word_1_275' title='bbox 700 3040 770 3123; x_wconf 79' lang='lat' dir='ltr'><strong>regi</strong></span> <span class='ocrx_word' id='word_1_276' title='bbox 789 3041 941 3116; x_wconf 71' lang='lat' dir='ltr'><strong>medinam,</strong></span> <span class='ocrx_word' id='word_1_277' title='bbox 962 3045 1035 3105; x_wconf 78' lang='lat' dir='ltr'><strong>nita</strong></span> <span class='ocrx_word' id='word_1_278' title='bbox 1055 3043 1119 3127; x_wconf 83' lang='lat' dir='ltr'><strong>ejus</strong></span> <span class='ocrx_word' id='word_1_279' title='bbox 1141 3045 1353 3110; x_wconf 82' lang='lat' dir='ltr'><strong>insidiantem.-</strong></span> 
     </span>
     <span class='ocr_line' id='line_1_34' title="bbox 286 3125 1353 3216; baseline 0.004 -25"><span class='ocrx_word' id='word_1_280' title='bbox 286 3129 390 3191; x_wconf 86' lang='lat' dir='ltr'><strong>eaden</strong></span> <span class='ocrx_word' id='word_1_281' title='bbox 402 3131 423 3161; x_wconf 82' lang='lat'><strong>‘¹</strong></span> <span class='ocrx_word' id='word_1_282' title='bbox 430 3125 563 3190; x_wconf 83' lang='lat' dir='ltr'><strong>Faliscis</strong></span> <span class='ocrx_word' id='word_1_283' title='bbox 576 3125 704 3187; x_wconf 87' lang='lat' dir='ltr'><strong>uinctam</strong></span> <span class='ocrx_word' id='word_1_284' title='bbox 719 3125 868 3188; x_wconf 88' lang='lat' dir='ltr'><strong>traditum</strong></span> <span class='ocrx_word' id='word_1_285' title='bbox 876 3128 1063 3208; x_wconf 86' lang='lat' dir='ltr'><strong>proditorem</strong></span> <span class='ocrx_word' id='word_1_286' title='bbox 1077 3129 1241 3193; x_wconf 75' lang='lat' dir='ltr'><strong>liberantem</strong></span> <span class='ocrx_word' id='word_1_287' title='bbox 1259 3136 1353 3216; x_wconf 76' lang='lat' dir='ltr'><strong>regns.</strong></span> 
     </span>
     <span class='ocr_line' id='line_1_35' title="bbox 285 3212 1354 3300; baseline 0.006 -26"><span class='ocrx_word' id='word_1_288' title='bbox 285 3213 370 3274; x_wconf 79' lang='lat' dir='ltr'><strong>Hac</strong></span> <span class='ocrx_word' id='word_1_289' title='bbox 391 3212 534 3273; x_wconf 82' lang='lat' dir='ltr'><strong>Romana</strong></span> <span class='ocrx_word' id='word_1_290' title='bbox 555 3230 629 3288; x_wconf 86' lang='lat' dir='ltr'><strong>esse,</strong></span> <span class='ocrx_word' id='word_1_291' title='bbox 650 3231 710 3273; x_wconf 90' lang='lat' dir='ltr'><strong>noa</strong></span> <span class='ocrx_word' id='word_1_292' title='bbox 727 3214 927 3274; x_wconf 72' lang='lat' dir='ltr'><strong>nautiorum</strong></span> <span class='ocrx_word' id='word_1_293' title='bbox 944 3214 1142 3292; x_wconf 86' lang='lat' dir='ltr'><strong>Punicarum,</strong></span> <span class='ocrx_word' id='word_1_294' title='bbox 1159 3237 1255 3300; x_wconf 85' lang='lat' dir='ltr'><strong>aeque</strong></span> <span class='ocrx_word' id='word_1_295' title='bbox 1267 3218 1354 3281; x_wconf 82' lang='lat' dir='ltr'><strong>calli-</strong></span> 
     </span>
     <span class='ocr_line' id='line_1_36' title="bbox 285 3294 1461 3384; baseline 0.007 -26"><span class='ocrx_word' id='word_1_296' title='bbox 285 3296 397 3358; x_wconf 85' lang='lat' dir='ltr'><strong>ditatis</strong></span> <span class='ocrx_word' id='word_1_297' title='bbox 420 3294 561 3358; x_wconf 79' lang='lat' dir='ltr'><strong>Gracecr</strong></span> <span class='ocrx_word' id='word_1_298' title='bbox 582 3297 668 3377; x_wconf 86' lang='lat' dir='ltr'><strong>apud</strong></span> <span class='ocrx_word' id='word_1_299' title='bbox 688 3318 762 3380; x_wconf 84' lang='lat' dir='ltr'><strong>qnos</strong></span> <span class='ocrx_word' id='word_1_300' title='bbox 771 3297 892 3380; x_wconf 70' lang='lat' dir='ltr'><strong>follem</strong></span> <span class='ocrx_word' id='word_1_301' title='bbox 912 3299 1035 3372; x_wconf 77' lang='lat' dir='ltr'><strong>hastan,</strong></span> <span class='ocrx_word' id='word_1_302' title='bbox 1051 3321 1142 3384; x_wconf 85' lang='lat' dir='ltr'><strong>quam</strong></span> <span class='ocrx_word' id='word_1_303' title='bbox 1156 3303 1186 3364; x_wconf 86' lang='lat' dir='ltr'><strong>ai</strong></span> <span class='ocrx_word' id='word_1_304' title='bbox 1198 3323 1354 3384; x_wconf 55' lang='lat' dir='ltr'><strong>maore,</strong></span> <span class='ocrx_word' id='word_1_305' title='bbox 1460 3309 1461 3312; x_wconf 73' lang='grc'>’</span> 
     </span>
     <span class='ocr_line' id='line_1_37' title="bbox 283 3371 1436 3472; baseline 0.01 -29"><span class='ocrx_word' id='word_1_306' title='bbox 283 3379 450 3465; x_wconf 80' lang='lat' dir='ltr'><strong>gloriosius</strong></span> <span class='ocrx_word' id='word_1_307' title='bbox 470 3377 586 3460; x_wconf 78' lang='lat' dir='ltr'><strong>fuerit.</strong></span> <span class='ocrx_word' id='word_1_308' title='bbox 638 3382 796 3446; x_wconf 83' lang='lat' dir='ltr'><strong>Interdum</strong></span> <span class='ocrx_word' id='word_1_309' title='bbox 817 3384 852 3444; x_wconf 87' lang='lat' dir='ltr'><strong>ia</strong></span> <span class='ocrx_word' id='word_1_310' title='bbox 872 3403 1002 3462; x_wconf 75' lang='lat' dir='ltr'><strong>prason</strong></span> <span class='ocrx_word' id='word_1_311' title='bbox 1022 3395 1137 3467; x_wconf 85' lang='lat' dir='ltr'><strong>tempus</strong></span> <span class='ocrx_word' id='word_1_312' title='bbox 1151 3388 1226 3469; x_wconf 85' lang='lat' dir='ltr'><strong>plus</strong></span> <span class='ocrx_word' id='word_1_313' title='bbox 1241 3390 1357 3472; x_wconf 74' lang='lat' dir='ltr'><strong>profici</strong></span> <span class='ocrx_word' id='word_1_314' title='bbox 1427 3371 1436 3394; x_wconf 68' lang='lat'>⁸</span> 
     </span>
     <span class='ocr_line' id='line_1_38' title="bbox 286 3466 1356 3554; baseline 0.007 -24"><span class='ocrx_word' id='word_1_315' title='bbox 286 3466 364 3543; x_wconf 88' lang='lat' dir='ltr'><strong>dolo,</strong></span> <span class='ocrx_word' id='word_1_316' title='bbox 387 3487 477 3550; x_wconf 64' lang='lat' dir='ltr'><strong>mum</strong></span> <span class='ocrx_word' id='word_1_317' title='bbox 498 3468 626 3530; x_wconf 82' lang='lat' dir='ltr'><strong>uirtrrte:</strong></span> <span class='ocrx_word' id='word_1_318' title='bbox 660 3470 714 3530; x_wconf 87' lang='lat' dir='ltr'><strong>sed</strong></span> <span class='ocrx_word' id='word_1_319' title='bbox 739 3466 802 3549; x_wconf 74' lang='lat' dir='ltr'><strong>ejus</strong></span> <span class='ocrx_word' id='word_1_320' title='bbox 822 3469 942 3531; x_wconf 80' lang='lat' dir='ltr'><strong>denam</strong></span> <span class='ocrx_word' id='word_1_321' title='bbox 964 3471 1096 3533; x_wconf 87' lang='lat' dir='ltr'><strong>animum</strong></span> <span class='ocrx_word' id='word_1_322' title='bbox 1124 3474 1158 3534; x_wconf 87' lang='lat' dir='ltr'><strong>in</strong></span> <span class='ocrx_word' id='word_1_323' title='bbox 1176 3484 1356 3554; x_wconf 84' lang='lat' dir='ltr'><strong>perpetuum</strong></span> 
     </span>
     <span class='ocr_line' id='line_1_39' title="bbox 723 3587 917 3634; baseline 0.01 -2"><span class='ocrx_word' id='word_1_324' title='bbox 723 3589 777 3632; x_wconf 81' lang='lat' dir='ltr'><strong>&#39;ert</strong></span> <span class='ocrx_word' id='word_1_325' title='bbox 787 3587 834 3633; x_wconf 81' lang='lat' dir='ltr'><strong>del.</strong></span> <span class='ocrx_word' id='word_1_326' title='bbox 847 3587 917 3634; x_wconf 87' lang='lat' dir='ltr'><strong>Crer.</strong></span> 
     </span>
    </p>
   </div>
   <div class='ocr_carea' id='block_1_3' title="bbox 186 3697 1354 4078">
    <p class='ocr_par' dir='ltr' id='par_1_5' title="bbox 284 3697 1354 4024">
     <span class='ocr_line' id='line_1_40' title="bbox 318 3697 1354 3761; baseline 0.011 -17"><span class='ocrx_word' id='word_1_327' title='bbox 318 3697 351 3745; x_wconf 76' lang='grc'><strong>49</strong></span> <span class='ocrx_word' id='word_1_328' title='bbox 366 3697 495 3746; x_wconf 76' lang='lat' dir='ltr'><strong>Aanodo</strong></span> <span class='ocrx_word' id='word_1_329' title='bbox 510 3700 804 3761; x_wconf 60' lang='lat' dir='ltr'><strong>mannaaitaotloequo-</strong></span> <span class='ocrx_word' id='word_1_330' title='bbox 835 3703 875 3749; x_wconf 88' lang='lat' dir='ltr'><strong>cui</strong></span> <span class='ocrx_word' id='word_1_331' title='bbox 897 3704 1017 3751; x_wconf 69' lang='lat' dir='ltr'><strong>indinum</strong></span> <span class='ocrx_word' id='word_1_332' title='bbox 1039 3706 1127 3760; x_wconf 82' lang='lat' dir='ltr'><strong>suerat,</strong></span> <span class='ocrx_word' id='word_1_333' title='bbox 1150 3707 1188 3752; x_wconf 85' lang='lat' dir='ltr'><strong>vel</strong></span> <span class='ocrx_word' id='word_1_334' title='bbox 1214 3708 1300 3753; x_wconf 77' lang='lat' dir='ltr'><strong>salam</strong></span> <span class='ocrx_word' id='word_1_335' title='bbox 1322 3710 1354 3756; x_wconf 84' lang='lat' dir='ltr'><strong>ad</strong></span> 
     </span>
     <span class='ocr_line' id='line_1_41' title="bbox 286 3763 1353 3829; baseline 0.01 -22"><span class='ocrx_word' id='word_1_336' title='bbox 286 3763 455 3826; x_wconf 61' lang='lat' dir='ltr'><strong>mammes]</strong></span> <span class='ocrx_word' id='word_1_337' title='bbox 467 3763 582 3825; x_wconf 83' lang='lat' dir='ltr'><strong>Polybius</strong></span> <span class='ocrx_word' id='word_1_338' title='bbox 594 3766 804 3825; x_wconf 77' lang='lat' dir='ltr'><strong>diversoslegatos</strong></span> <span class='ocrx_word' id='word_1_339' title='bbox 835 3769 1260 3829; x_wconf 70' lang='lat' dir='ltr'><strong>proximummfinibuspraesidium.</strong></span> <span class='ocrx_word' id='word_1_340' title='bbox 1294 3771 1353 3819; x_wconf 86' lang='lat' dir='ltr'><strong>Vld.</strong></span> 
     </span>
     <span class='ocr_line' id='line_1_42' title="bbox 286 3823 1223 3891; baseline 0.009 -18"><span class='ocrx_word' id='word_1_341' title='bbox 286 3823 402 3873; x_wconf 80' lang='lat' dir='ltr'><strong>Rhodum</strong></span> <span class='ocrx_word' id='word_1_342' title='bbox 421 3833 446 3873; x_wconf 85' lang='lat' dir='ltr'><strong>et</strong></span> <span class='ocrx_word' id='word_1_343' title='bbox 461 3828 487 3872; x_wconf 92' lang='lat' dir='ltr'><strong>in</strong></span> <span class='ocrx_word' id='word_1_344' title='bbox 504 3829 623 3874; x_wconf 84' lang='lat' dir='ltr'><strong>Boeotiam</strong></span> <span class='ocrx_word' id='word_1_345' title='bbox 644 3830 731 3874; x_wconf 84' lang='lat' dir='ltr'><strong>missos</strong></span> <span class='ocrx_word' id='word_1_346' title='bbox 752 3841 804 3874; x_wconf 81' lang='lat' dir='ltr'><strong>care</strong></span> <span class='ocrx_word' id='word_1_347' title='bbox 836 3843 917 3891; x_wconf 85' lang='lat' dir='ltr'><strong>supra,</strong></span> <span class='ocrx_word' id='word_1_348' title='bbox 929 3833 945 3876; x_wconf 88' lang='lat' dir='ltr'><strong>l.</strong></span> <span class='ocrx_word' id='word_1_349' title='bbox 957 3831 1059 3879; x_wconf 80' lang='lat' dir='ltr'>XXXI.</span> <span class='ocrx_word' id='word_1_350' title='bbox 1071 3848 1092 3879; x_wconf 82' lang='lat' dir='ltr'><strong>c.</strong></span> <span class='ocrx_word' id='word_1_351' title='bbox 1104 3835 1126 3881; x_wconf 81' lang='lat'><strong>8.</strong></span> <span class='ocrx_word' id='word_1_352' title='bbox 1222 3849 1223 3852; x_wconf 71' lang='grc'>’</span> 
     </span>
     <span class='ocr_line' id='line_1_43' title="bbox 285 3890 1353 3958; baseline 0.008 -23"><span class='ocrx_word' id='word_1_353' title='bbox 285 3891 350 3936; x_wconf 81' lang='lat' dir='ltr'><strong>clarc</strong></span> <span class='ocrx_word' id='word_1_354' title='bbox 367 3892 437 3938; x_wconf 82' lang='lat' dir='ltr'><strong>docet</strong></span> <span class='ocrx_word' id='word_1_355' title='bbox 456 3890 540 3951; x_wconf 73' lang='lat' dir='ltr'><strong>Legat.</strong></span> <span class='ocrx_word' id='word_1_356' title='bbox 560 3891 599 3937; x_wconf 79' lang='grc'><strong>65.</strong></span> <span class='ocrx_word' id='word_1_357' title='bbox 617 3898 642 3937; x_wconf 88' lang='lat' dir='ltr'><strong>et</strong></span> <span class='ocrx_word' id='word_1_358' title='bbox 660 3892 699 3938; x_wconf 82' lang='grc'><strong>66.</strong></span> <span class='ocrx_word' id='word_1_359' title='bbox 732 3891 805 3945; x_wconf 80' lang='lat' dir='ltr'><strong>Quod</strong></span> <span class='ocrx_word' id='word_1_360' title='bbox 867 3895 898 3940; x_wconf 82' lang='lat' dir='ltr'><strong>st</strong></span> <span class='ocrx_word' id='word_1_361' title='bbox 916 3895 1015 3942; x_wconf 73' lang='lat' dir='ltr'><strong>Faliscis</strong></span> <span class='ocrx_word' id='word_1_362' title='bbox 1028 3898 1131 3943; x_wconf 82' lang='lat' dir='ltr'><strong>uinctum</strong></span> <span class='ocrx_word' id='word_1_363' title='bbox 1146 3899 1258 3958; x_wconf 81' lang='lat' dir='ltr'><strong>traditum</strong></span> <span class='ocrx_word' id='word_1_364' title='bbox 1271 3898 1353 3958; x_wconf 59' lang='lat' dir='ltr'><strong>morib</strong></span> 
     </span>
     <span class='ocr_line' id='line_1_44' title="bbox 284 3953 1353 4024; baseline 0.01 -26"><span class='ocrx_word' id='word_1_365' title='bbox 284 3953 340 4000; x_wconf 84' lang='lat' dir='ltr'><strong>idco</strong></span> <span class='ocrx_word' id='word_1_366' title='bbox 350 3956 514 4008; x_wconf 76' lang='lat' dir='ltr'><strong>observamur,</strong></span> <span class='ocrx_word' id='word_1_367' title='bbox 526 3956 583 4013; x_wconf 84' lang='lat' dir='ltr'><strong>quia</strong></span> <span class='ocrx_word' id='word_1_368' title='bbox 596 3955 734 4013; x_wconf 86' lang='lat' dir='ltr'><strong>ceteroquin</strong></span> <span class='ocrx_word' id='word_1_369' title='bbox 746 3968 804 4001; x_wconf 85' lang='lat' dir='ltr'><strong>eum</strong></span> <span class='ocrx_word' id='word_1_370' title='bbox 835 3960 907 4003; x_wconf 83' lang='lat' dir='ltr'><strong>torem</strong></span> <span class='ocrx_word' id='word_1_371' title='bbox 922 3958 1046 4005; x_wconf 67' lang='lat' dir='ltr'><strong>literarium</strong></span> <span class='ocrx_word' id='word_1_372' title='bbox 1064 3961 1138 4024; x_wconf 70' lang='lat' dir='ltr'><strong>regie]</strong></span> <span class='ocrx_word' id='word_1_373' title='bbox 1156 3963 1269 4022; x_wconf 75' lang='lat' dir='ltr'><strong>Sigonius</strong></span> <span class='ocrx_word' id='word_1_374' title='bbox 1290 3964 1353 4008; x_wconf 78' lang='lat' dir='ltr'><strong>exis·</strong></span> 
     </span>
    </p>

    <p class='ocr_par' dir='ltr' id='par_1_6' title="bbox 186 4016 1353 4078">
     <span class='ocr_line' id='line_1_45' title="bbox 186 4016 1353 4078; baseline 0.01 -17"><span class='ocrx_word' id='word_1_375' title='bbox 186 4065 193 4074; x_wconf 63' lang='lat'><strong>‚</strong></span> <span class='ocrx_word' id='word_1_376' title='bbox 284 4016 311 4062; x_wconf 80' lang='lat' dir='ltr'><strong>in</strong></span> <span class='ocrx_word' id='word_1_377' title='bbox 322 4019 368 4064; x_wconf 81' lang='lat' dir='ltr'><strong>hac</strong></span> <span class='ocrx_word' id='word_1_378' title='bbox 379 4019 446 4064; x_wconf 88' lang='lat' dir='ltr'><strong>omni</strong></span> <span class='ocrx_word' id='word_1_379' title='bbox 457 4019 593 4063; x_wconf 83' lang='lat' dir='ltr'><strong>narratione</strong></span> <span class='ocrx_word' id='word_1_380' title='bbox 607 4018 715 4078; x_wconf 78' lang='lat' dir='ltr'><strong>seqrtitiu</strong></span> <span class='ocrx_word' id='word_1_381' title='bbox 726 4026 752 4064; x_wconf 86' lang='lat' dir='ltr'><strong>et</strong></span> <span class='ocrx_word' id='word_1_382' title='bbox 762 4033 804 4064; x_wconf 82' lang='lat' dir='ltr'><strong>ex·</strong></span> <span class='ocrx_word' id='word_1_383' title='bbox 836 4022 908 4067; x_wconf 77' lang='lat' dir='ltr'><strong>timet</strong></span> <span class='ocrx_word' id='word_1_384' title='bbox 923 4023 983 4068; x_wconf 85' lang='lat' dir='ltr'><strong>aiios</strong></span> <span class='ocrx_word' id='word_1_385' title='bbox 993 4024 1032 4069; x_wconf 87' lang='lat' dir='ltr'><strong>hic</strong></span> <span class='ocrx_word' id='word_1_386' title='bbox 1043 4033 1152 4071; x_wconf 84' lang='lat' dir='ltr'><strong>auctores</strong></span> <span class='ocrx_word' id='word_1_387' title='bbox 1171 4034 1284 4072; x_wconf 69' lang='lat' dir='ltr'><strong>meatum</strong></span> <span class='ocrx_word' id='word_1_388' title='bbox 1300 4039 1353 4072; x_wconf 80' lang='lat' dir='ltr'><strong>csse</strong></span> 
     </span>
    </p>
   </div>
   <div class='ocr_carea' id='block_1_4' title="bbox 282 4081 1354 4398">
    <p class='ocr_par' dir='ltr' id='par_1_7' title="bbox 282 4081 1354 4338">
     <span class='ocr_line' id='line_1_46' title="bbox 286 4081 1353 4149; baseline 0.007 -23"><span class='ocrx_word' id='word_1_389' title='bbox 286 4081 369 4126; x_wconf 72' lang='lat' dir='ltr'><strong>scriba</strong></span> <span class='ocrx_word' id='word_1_390' title='bbox 380 4088 468 4129; x_wconf 65' lang='lat' dir='ltr'><strong>nonar.</strong></span> <span class='ocrx_word' id='word_1_391' title='bbox 836 4083 944 4141; x_wconf 82' lang='lat' dir='ltr'><strong>Livium,</strong></span> <span class='ocrx_word' id='word_1_392' title='bbox 955 4100 1029 4145; x_wconf 82' lang='lat' dir='ltr'><strong>quarn</strong></span> <span class='ocrx_word' id='word_1_393' title='bbox 1040 4102 1101 4148; x_wconf 83' lang='lat' dir='ltr'><strong>quos</strong></span> <span class='ocrx_word' id='word_1_394' title='bbox 1109 4091 1353 4149; x_wconf 75' lang='lat' dir='ltr'><strong>secutuscstinipsa</strong></span> 
     </span>
     <span class='ocr_line' id='line_1_47' title="bbox 282 4143 1354 4212; baseline 0.01 -25"><span class='ocrx_word' id='word_1_395' title='bbox 282 4151 287 4166; x_wconf 61' lang='lat'>⁸</span> <span class='ocrx_word' id='word_1_396' title='bbox 318 4143 352 4188; x_wconf 79' lang='grc'><strong>60</strong></span> <span class='ocrx_word' id='word_1_397' title='bbox 362 4146 467 4191; x_wconf 77' lang='lat' dir='ltr'><strong>iadiccrc</strong></span> <span class='ocrx_word' id='word_1_398' title='bbox 476 4178 483 4191; x_wconf 94' lang='lat'><strong>.</strong></span> <span class='ocrx_word' id='word_1_399' title='bbox 493 4143 658 4203; x_wconf 67' lang='lat' dir='ltr'><strong>,miimrbctta</strong></span> <span class='ocrx_word' id='word_1_400' title='bbox 667 4143 804 4191; x_wconf 66' lang='lat' dir='ltr'><strong>amman</strong></span> <span class='ocrx_word' id='word_1_401' title='bbox 834 4152 996 4206; x_wconf 66' lang='lat' dir='ltr'><strong>renarranda</strong></span> <span class='ocrx_word' id='word_1_402' title='bbox 1006 4165 1078 4212; x_wconf 88' lang='lat' dir='ltr'><strong>supra</strong></span> <span class='ocrx_word' id='word_1_403' title='bbox 1089 4153 1104 4197; x_wconf 80' lang='grc' dir='ltr'><strong>Ι.</strong></span> <span class='ocrx_word' id='word_1_404' title='bbox 1114 4152 1146 4197; x_wconf 90' lang='lat' dir='ltr'><strong>V.</strong></span> <span class='ocrx_word' id='word_1_405' title='bbox 1155 4167 1176 4199; x_wconf 88' lang='lat' dir='ltr'><strong>c.</strong></span> <span class='ocrx_word' id='word_1_406' title='bbox 1188 4155 1227 4202; x_wconf 77' lang='lat'><strong>2⁷.</strong></span> <span class='ocrx_word' id='word_1_407' title='bbox 1260 4154 1354 4199; x_wconf 90' lang='lat' dir='ltr'><strong>Grono-</strong></span> 
     </span>
     <span class='ocr_line' id='line_1_48' title="bbox 284 4203 1354 4277; baseline 0.012 -27"><span class='ocrx_word' id='word_1_408' title='bbox 284 4203 368 4267; x_wconf 63' lang='grc' dir='ltr'><strong>Μ]</strong></span> <span class='ocrx_word' id='word_1_409' title='bbox 386 4208 482 4254; x_wconf 80' lang='lat' dir='ltr'><strong>Bellum</strong></span> <span class='ocrx_word' id='word_1_410' title='bbox 493 4209 643 4255; x_wconf 80' lang='lat' dir='ltr'><strong>indicebaan</strong></span> <span class='ocrx_word' id='word_1_411' title='bbox 653 4214 752 4254; x_wconf 74' lang='lat' dir='ltr'><strong>mortus</strong></span> <span class='ocrx_word' id='word_1_412' title='bbox 763 4210 804 4255; x_wconf 86' lang='lat' dir='ltr'><strong>de·</strong></span> <span class='ocrx_word' id='word_1_413' title='bbox 835 4212 891 4259; x_wconf 83' lang='lat' dir='ltr'><strong>vius</strong></span> <span class='ocrx_word' id='word_1_414' title='bbox 901 4215 949 4274; x_wconf 73' lang='lat' dir='ltr'><strong>legi</strong></span> <span class='ocrx_word' id='word_1_415' title='bbox 959 4227 1029 4273; x_wconf 80' lang='lat' dir='ltr'><strong>posse</strong></span> <span class='ocrx_word' id='word_1_416' title='bbox 1040 4222 1110 4274; x_wconf 77' lang='lat' dir='ltr'><strong>patu</strong></span> <span class='ocrx_word' id='word_1_417' title='bbox 1121 4217 1264 4277; x_wconf 78' lang='lat' dir='ltr'><strong>proditorem</strong></span> <span class='ocrx_word' id='word_1_418' title='bbox 1273 4216 1354 4263; x_wconf 62' lang='lat' dir='ltr'><strong>ibero</strong></span> 
     </span>
     <span class='ocr_line' id='line_1_49' title="bbox 286 4268 1045 4338; baseline 0.022 -28"><span class='ocrx_word' id='word_1_419' title='bbox 286 4272 354 4311; x_wconf 75' lang='lat' dir='ltr'><strong>creto</strong></span> <span class='ocrx_word' id='word_1_420' title='bbox 369 4281 404 4318; x_wconf 80' lang='lat' dir='ltr'><strong>ac.</strong></span> <span class='ocrx_word' id='word_1_421' title='bbox 413 4273 496 4330; x_wconf 84' lang='lat' dir='ltr'><strong>populi</strong></span> <span class='ocrx_word' id='word_1_422' title='bbox 504 4268 590 4333; x_wconf 80' lang='lat' dir='ltr'><strong>jussu:</strong></span> <span class='ocrx_word' id='word_1_423' title='bbox 609 4279 662 4318; x_wconf 87' lang='lat' dir='ltr'><strong>tum</strong></span> <span class='ocrx_word' id='word_1_424' title='bbox 673 4273 806 4320; x_wconf 83' lang='lat' dir='ltr'><strong>denuncia-</strong></span> <span class='ocrx_word' id='word_1_425' title='bbox 837 4289 891 4324; x_wconf 83' lang='lat' dir='ltr'><strong>rum</strong></span> <span class='ocrx_word' id='word_1_426' title='bbox 898 4279 1045 4338; x_wconf 57' lang='lat' dir='ltr'><strong>sufflatum.</strong></span> 
     </span>
    </p>

    <p class='ocr_par' dir='ltr' id='par_1_8' title="bbox 287 4330 803 4398">
     <span class='ocr_line' id='line_1_50' title="bbox 287 4330 803 4398; baseline 0.01 -19"><span class='ocrx_word' id='word_1_427' title='bbox 287 4330 360 4382; x_wconf 77' lang='lat' dir='ltr'><strong>asta</strong></span> <span class='ocrx_word' id='word_1_428' title='bbox 370 4332 408 4377; x_wconf 82' lang='lat' dir='ltr'><strong>rel</strong></span> <span class='ocrx_word' id='word_1_429' title='bbox 423 4333 471 4394; x_wconf 77' lang='lat' dir='ltr'><strong>ipsi</strong></span> <span class='ocrx_word' id='word_1_430' title='bbox 489 4335 573 4395; x_wconf 81' lang='lat' dir='ltr'><strong>urique</strong></span> <span class='ocrx_word' id='word_1_431' title='bbox 588 4337 640 4398; x_wconf 76' lang='lat' dir='ltr'><strong>regi</strong></span> <span class='ocrx_word' id='word_1_432' title='bbox 650 4342 694 4382; x_wconf 85' lang='lat' dir='ltr'><strong>aut</strong></span> <span class='ocrx_word' id='word_1_433' title='bbox 704 4337 803 4398; x_wconf 85' lang='lat' dir='ltr'><strong>populo,</strong></span> 
     </span>
    </p>
   </div>
   <div class='ocr_carea' id='block_1_5' title="bbox 0 0 1476 4750">
    <p class='ocr_par' dir='ltr' id='par_1_9' title="bbox 0 0 1476 4750">
     <span class='ocr_line' id='line_1_51' title="bbox 0 0 1476 4750; baseline 0 0"><span class='ocrx_word' id='word_1_434' title='bbox 0 0 1476 4750; x_wconf 95' lang='lat' dir='ltr'><strong> </strong></span> 
     </span>
    </p>
   </div>
  </div>
 </body>
</html>
