2942 4750
499 159 844 241 PRAEFATIO.
1188 161 1228 247 ix

126 369 286 444 modum
312 370 565 467 pmmmciatoe
585 380 694 458 sunt,
726 368 900 447 alicunde
928 369 1105 457 nancisci,
1135 369 1226 456 nihil

126 485 285 565 dubium
306 510 389 561 esse
407 496 542 583 potest,
566 486 658 583 quin
679 485 754 561 illae
773 486 931 563 totidem
954 485 1074 563 verbis
1096 486 1226 563 lectori

54 685 61 697 .
124 601 332 675 reddendae
358 601 443 690 sint,
460 627 582 700 neque
596 602 637 676 in
652 601 818 699 ipsarum
842 601 970 676 locum
991 600 1160 684 ludentis
1171 601 1225 675 iu-

108 715 226 813 genii
241 717 352 791 soetus
369 717 617 814 supponendi.
660 716 795 812 ltaque
810 741 888 792 non
904 715 1124 812 negabimus
1139 741 1226 813 pec-

123 855 235 904 casse
259 830 447 919 Tacitum,
467 831 533 927 qui
553 830 592 904 in
616 832 642 904 l.
664 829 738 907 XI.
765 830 867 907 Anu.
890 857 924 905 c.
950 838 1011 909 24.
1063 830 1225 915 Claudio

35 990 57 1045 ⁸,
125 944 349 1042 Imperatori
375 946 536 1021 alienam
562 956 600 1020 et
625 944 792 1021 fictitiam
817 945 983 1021 tribuerit
1006 946 1224 1033 crotonem,

123 1085 244 1157 quum
268 1087 356 1136 vera
375 1072 549 1149 exstaret,
568 1063 675 1156 cujus
700 1060 904 1139 etiamnum
927 1061 1136 1158 fragmenta
1159 1062 1225 1137 ha·

122 1175 269 1250 bemus.
321 1178 397 1251 Sed
425 1178 456 1252 si
485 1201 655 1253 verarum
683 1177 794 1275 copia
821 1200 899 1252 non
926 1176 984 1264 sit,
1008 1202 1086 1252 non
1113 1176 1296 1264 videon„
1304 1218 1368 1280 qom-

123 1314 228 1376 sane,
247 1315 314 1365 cur
329 1293 519 1367 vetemris
541 1293 606 1389 qui
630 1292 823 1367 historiam
848 1291 986 1378 scribit,
1004 1318 1091 1367 snas
1116 1303 1155 1367 et
1171 1272 1341 1381 adfff‘¹¹¹

124 1405 376 1480 excolendum
394 1408 571 1492 animum,
588 1418 627 1480 et
644 1407 692 1481 ad
712 1407 925 1483 acuendum
950 1406 1137 1501 ingenium
1154 1433 1221 1487 sas

124 1545 174 1616 pe
203 1523 413 1617 profanitas
440 1522 628 1595 orationes
654 1521 786 1597 offerre
813 1520 954 1607 lectori,
981 1546 1098 1617 quum
1130 1548 1221 1620 prae·

123 1634 254 1709 sertim
269 1647 307 1711 et
322 1637 361 1709 in
376 1662 441 1711 eas
458 1636 594 1731 conjici
613 1636 814 1712 commode
833 1636 978 1732 possint
997 1637 1222 1733 sapientias

124 1773 190 1822 ma
211 1753 385 1847 quedam
409 1751 550 1829 monita
576 1776 621 1826 ac
643 1762 831 1849 praecopta
852 1777 901 1825 ex
926 1750 1016 1849 ipsis
1037 1752 1224 1857 tantorum

124 1866 327 1942 visceribus
355 1868 559 1955 nascentia,
593 1893 677 1965 qua
707 1879 833 1943 tamen
864 1867 961 1947 inter
992 1868 1222 1949 narrandum

125 1991 289 2057 merere
315 1983 464 2058 minime
486 1987 685 2073 decuerat3
711 1994 751 2059 et
770 1983 930 2081 ingenia,
951 2008 1086 2071 mores,
1108 1982 1223 2063 animi

125 2097 266 2173 ducum
288 2125 333 2174 ac
360 2102 582 2198 populorum
604 2099 757 2197 propius
784 2101 835 2173 ed
861 2109 1004 2177 nuno
1030 2101 1223 2179 verinum

123 2213 302 2309 exprimi3
328 2226 366 2288 ct
392 2239 479 2287 vero
501 2240 626 2307 causae
647 2213 720 2286 illae
743 2213 877 2308 quibua
897 2214 1081 2289 bellorum
1103 2214 1220 2308 origo,

122 2339 163 2401 et
195 2328 422 2403 celeberrimi
462 2329 599 2426 quique
631 2337 786 2403 eventus
828 2328 1074 2414 continentur,
1110 2338 1222 2426 etquis

122 2444 237 2530 etiam
264 2444 421 2520 consilia
446 2470 494 2518 ex
519 2444 655 2541 quibus
680 2445 782 2518 tacta
808 2442 960 2527 fluxere,
988 2443 1136 2534 liberius
1159 2468 1220 2520 co-

123 2557 339 2656 piosiusque
370 2558 532 2633 tractari.
584 2559 649 2633 Ad
683 2559 764 2632 haec
798 2567 855 2630 tot
887 2559 1088 2634 commoda
1126 2558 1220 2638 illud

122 2697 273 2770 quoque
304 2675 463 2762 accedit,
492 2675 597 2772 quod
628 2674 668 2748 in
695 2673 830 2749 iisdem
859 2673 1031 2750 velutin
1064 2674 1219 2752 amenis

122 2789 347 2884 quibusdam
365 2790 601 2877 diverticulis
619 2800 798 2887 perpetua
814 2788 1025 2865 narratione
1041 2790 1219 2888 defunga-

124 2914 184 2976 tus
200 2903 387 2986 interdum
403 2905 712 2988 lectorisanimus
729 2904 948 2982 suavissime
965 2905 1206 3003 conquiescit.

175 3017 224 3093 Id
239 3028 387 3098 tuntum
404 3023 613 3096 cavendum
630 3031 688 3095 est
703 3020 845 3107 lectori,
862 3045 910 3096 ne
926 3046 974 3094 ex
990 3022 1219 3098 orationibus

124 3135 226 3208 facta
252 3160 292 3209 se
313 3135 459 3210 sincera
480 3148 518 3209 et
543 3137 758 3233 incorrupta
783 3136 929 3211 haurite
955 3159 1068 3232 posse
1095 3135 1219 3210 existi·

124 3259 210 3339 mot
236 3276 320 3348 quiae
344 3252 384 3325 in
406 3251 451 3326 iis
475 3253 515 3324 in
537 3253 658 3345 majus
683 3260 806 3337 aucta
833 3251 891 3325 sel
913 3259 1116 3326 extenuata
1140 3274 1218 3325 vcr-

123 3366 190 3452 bis,
210 3369 260 3440 ad
276 3367 455 3442 invidiam
471 3367 673 3464 gratiamre
697 3368 903 3453 decurtata,
922 3365 1126 3463 depravata
1141 3365 1217 3463 pte·

123 3506 278 3577 namque
310 3483 550 3579 reperiunuu.
614 3483 813 3557 Orationes
846 3505 924 3556 non
957 3492 1137 3582 tanquam
1169 3507 1217 3556 ex

124 3597 312 3693 scriptoris
333 3622 494 3695 persona
520 3598 639 3696 accipi
662 3599 811 3685 debent,
835 3600 903 3672 sed
930 3600 1090 3694 exejus,
1118 3597 1217 3694 quis·

123 3712 205 3814 quis
232 3711 294 3794 ille
319 3724 388 3804 est,
416 3738 528 3814 quem
553 3713 712 3812 scriptor
737 3712 951 3811 loquentem
976 3714 1076 3800 tacit.
1129 3712 1217 3810 lpse

123 3828 324 3902 narrationi
341 3831 465 3915 tidem,
479 3828 707 3903 emtionibus
723 3841 901 3926 prestare
914 3830 1026 3908 dehet
1041 3813 1216 3921 eloquen-

123 3944 223 4022 tiam.
277 3944 317 4020 Si
334 3946 487 4041 quando
504 3957 629 4030 tamen
651 3945 722 4024 hoo
739 3945 907 4024 libertate
923 3942 1026 4034 abuti
1043 3940 1143 4030 visus
1160 3950 1217 4015 est

125 4058 261 4147 livius,
279 4060 318 4132 id
337 4060 533 4134 observare
549 4061 588 4134 in
603 4061 702 4135 notis
718 4086 796 4135 non
813 4053 1056 4158 negleximus.

171 4173 226 4248 At
251 4175 350 4249 enim
377 4176 441 4271 qui
472 4169 631 4251 directas
660 4176 861 4258 conciones
890 4172 993 4271 operi
1022 4195 1090 4256 suo
1119 4173 1214 4252 inse-
