2942 4750
290 142 348 199 ess
700 118 947 189 EP1TOMAE

291 302 438 383 Micipsa,
456 295 659 362 Numidarum
670 314 734 368 rea,
745 303 877 355 mortisia
891 310 1014 374 regnum
1027 289 1209 374 tribnsfiiiis
1218 291 1363 375 reliquit,

289 385 471 458 Adherbali,
495 380 683 463 Hiempsali,
697 386 737 440 'et
756 377 918 461 Jugurtboe
919 376 1042 459 fratris
1041 377 1130 458 filio,
1153 399 1242 460 quesn
1259 379 1363 458 adop-

291 481 420 536 taverat.
464 468 504 531 L.
523 467 662 530 Cecilius
685 463 831 526 Metellus
844 463 1014 524 Dalmatas
1026 462 1155 546 subegit.
1199 463 1362 546 Jscgurtlm

291 556 499 638 Hiempsalem
506 550 641 633 fratrem
657 552 733 612 bello
742 550 846 631 petiit,
863 568 946 629 quem
959 548 1064 609 victum
1079 550 1211 611 occidit:
1234 548 1362 610 Adicer-

290 643 386 706 balcm
402 659 495 723 regna
509 638 646 719 expulit.-
668 639 689 670 ⁸²
699 638 725 698 is
740 656 760 696 a
774 642 880 697 senatu
895 635 1050 695 restitutus
1061 643 1112 696 est.
1158 634 1196 696 Ι.
1215 634 1362 697 Casilius

292 727 444 800 Metellus,
464 726 519 787 Cn.
535 725 692 786 Domitius
705 718 929 791 Ahenobarbus,
945 739 1087 797 censores,
1099 720 1172 782 duos
1186 728 1216 781 et
1229 718 1360 802 triginta

160 852 169 883 ·,
291 822 400 875 senatu
413 818 576 874 moverunt.
619 811 781 872 Praterea
795 813 892 867 motas
905 803 1006 887 Syria
1019 825 1122 888 regum
1136 804 1276 867 conduct.

737 1063 903 1148 LXIII.

340 1265 418 1329 Cato
437 1260 567 1325 Porcius
590 1257 692 1322 consul
715 1257 748 1320 in
766 1258 901 1325 Thracia
920 1263 1001 1324 male
1025 1260 1166 1323 adversus
1187 1254 1358 1321 Scordiscos

287 1350 451 1436 pugnauit.
497 1345 638 1409 hunum
664 1366 684 1406 a
706 1344 874 1411 censoribus
897 1348 1048 1411 conditum
1072 1353 1125 1406 est.
1171 1342 1266 1406 Cassa
1288 1351 1357 1405 sunt

293 1439 402 1500 ciuium
416 1436 521 1516 capita
535 1440 670 1493 trecenta
691 1429 861 1512 nonaginta
882 1442 1012 1517 quatuor
1029 1429 1135 1503 millia,
1151 1437 1286 1490 trecenta
1299 1429 1356 1490 tri·

291 1522 379 1604 ginta
393 1541 455 1580 sea.
493 1517 632 1590 AEmilio‚
644 1514 782 1591 Licinio,
796 1512 934 1594 Marcia,
947 1518 1077 1599 virgines
1090 1513 1235 1587 Vestales,
1250 1512 1358 1575 incesti

280 1608 451 1687 ¹damnate
464 1611 551 1663 sunt:
574 1601 661 1682 idque
676 1602 817 1662 incestum
830 1604 1071 1684 quemadmodum
1082 1609 1112 1661 et
1125 1599 1316 1672 commissum,
1329 1605 1357 1660 et
1446 1668 1447 1677 χ

295 1688 516 1772 deprehensum,
530 1695 559 1747 et
572 1686 757 1747 vindicatum
780 1685 826 1760 sit,
841 1688 982 1771 refhtur.
1029 1683 1153 1759 Cimbri,
1166 1703 1242 1765 gens
1261 1702 1356 1767 vaga,

292 1773 500 1858 populabundi
513 1771 547 1833 in
561 1770 716 1853 Illyricum
728 1783 890 1837 oeuaunt.·
912 1773 952 1835 ab
968 1770 1163 1851 iisPapisius
1175 1769 1274 1831 Carbo
1287 1788 1359 1830 con·

295 1863 343 1925 sal
371 1880 434 1920 aem
464 1858 596 1919 exercitu
605 1854 702 1938 sassa
729 1864 783 1918 est.
824 1857 935 1920 Livius
950 1857 1071 1921 Drusus
1093 1853 1195 1918 consa
1216 1852 1360 1917 adoerm
1422 1906 1425 1911 .

298 1943 476 2018 Scordiscos,
497 1950 617 2025 gentem
646 1962 666 2001 a
692 1936 796 2002 Gallis
818 1944 988 2018 oriundam,
1012 1942 1045 2004 in
1073 1940 1209 2004 Ibracia
1219 1936 1363 2028 felic-iter¹

292 2027 461 2114 pugnauit.

750 2280 912 2368 cxlv,
1010 2256 1013 2261 ’

342 2482 509 2560 Adherbal,
540 2481 616 2545 bello
637 2484 757 2565 petitus
784 2506 805 2544 a
830 2483 997 2567 iugurtha,
1020 2492 1051 2545 et
1078 2484 1114 2545 in
1141 2481 1254 2563 oppido
1273 2480 1360 2545 Cirta

298 2570 437 2644 obsessus,
452 2578 558 2630 contra
572 2570 832 2631 denunciationem
844 2579 966 2632 sensatus
985 2568 1024 2630 ab
1044 2590 1079 2632 eo
1092 2568 1202 2632 occisus
1214 2576 1267 2630 est.
1314 2566 1359 2630 Ob

298 2655 353 2717 hoc
376 2655 435 2734 ipsi
447 2653 606 2745 Jugurtbae
630 2652 735 2714 bellum
759 2654 922 2716 indictum.-
944 2655 1033 2737 idque
1054 2653 1238 2734 Calpurnius
1252 2653 1359 2715 Bestia
1379 2681 1398 2755 p

298 2740 402 2801 consul
424 2757 531 2818 gerere
545 2756 659 2816 passus,
673 2758 776 2815 pacem
797 2759 861 2800 acm
883 2740 1038 2823 Jugurtlsa
1064 2737 1178 2822 injussu
1196 2737 1306 2820 populi
1329 2746 1358 2799 et
1437 2800 1440 2814 ,

298 2820 514 2902 sessatusfecit.
556 2820 798 2902 ,Iugurthafide
812 2823 937 2904 publica
959 2834 1098 2888 comatus
1118 2826 1162 2885 ad
1182 2813 1406 2886 indicandas“

299 2915 433 2969 auctores
453 2904 643 2967 consiliorum
663 2927 790 2983 aarum,
816 2910 896 2990 quod
919 2912 1028 2973 mutos
1042 2910 1175 2991 pecunia
1197 2909 1230 2969 in
1253 2917 1361 2972 senatu

299 2993 470 3073 cornupisse
484 2989 649 3067 dicebatur,
665 2991 796 3055 Romam
810 2993 907 3055 venit.-
929 3006 968 3070 et,
983 3004 1110 3077 propter
1121 2995 1236 3070 cedem,
1247 2995 1360 3056 admis-

298 3098 366 3143 sam
390 3079 425 3139 in
449 3077 582 3160 segatium
605 3078 769 3159 qnondam,
796 3082 915 3142 nomine
936 3080 1117 3155 Massiuam,
1134 3079 1215 3161 ”psci
1236 3099 1361 3163 regnum
1437 3035 1447 3122 l

299 3163 363 3248 ejus
388 3164 500 3245 populo
528 3162 668 3234 Romano
696 3165 790 3228 invisi
817 3165 1000 3249 adfectabat,
1030 3167 1135 3229 Rome
1160 3164 1359 3248 interficiunu

299 3270 388 3332 quum
407 3249 645 3330 periclitaretur,
668 3269 803 3313 caussam
818 3252 929 3331 capitis
950 3253 1051 3314 dicere
1063 3249 1177 3333 juonis,
1193 3252 1271 3312 clam
1292 3270 1361 3330 pso·
1427 3257 1436 3279 ⁶

287 3335 396 3418 fingit,
418 3342 458 3407 et,
480 3336 585 3397 cedens
606 3334 688 3410 urbe,
695 3332 800 3414 fertur
817 3337 954 3398 dixisse.-
977 3335 1009 3399 Ο
1025 3340 1136 3399 urbem
1159 3337 1310 3413 venuIem,
1329 3345 1361 3398 et

300 3418 364 3480 cito
376 3417 560 3501 perituram,
576 3418 602 3480 si
623 3431 776 3482 emtorcm
799 3419 971 3483 invenerit!
1002 3425 1044 3486 A.
1059 3422 1233 3485 Postumius
1246 3422 1362 3505 legatia

298 3504 318 3536 ⁸⁴
330 3502 489 3599 infilicitcr
508 3504 616 3582 proelio
641 3506 783 3568 adversus
805 3506 992 3589 ,Iugurtham
1014 3517 1102 3590 gesto
1117 3527 1227 3588 pacem
1249 3527 1363 3590 quoque
1402 3569 1407 3580 ,

300 3588 412 3670 adjecit
425 3589 662 3672 igumninmsarm
678 3612 767 3673 quam
790 3612 852 3654 non
873 3609 935 3655 esse
957 3595 1137 3657 servandam
1158 3601 1282 3657 smaltis
1294 3613 1362 3656 cen·

299 3676 371 3736 suit.
760 3729 765 3737 .

331 3866 407 3914 8210
425 3879 441 3911 o
458 3869 537 3912 anan
557 3866 676 3912 restitutus
697 3865 742 3928 cst]
776 3867 814 3913 SIe
846 3868 997 3916 substituunt
1016 3865 1150 3927 affectabat.-
1177 3868 1243 3928 quod
1261 3869 1362 3915 verbum

299 3930 375 3978 edidit
384 3930 521 3976 Gronovius
531 3944 561 3975 ex
571 3930 662 3988 aliquot
674 3930 702 3975 M
704 3929 745 3975 ss.
762 3932 816 3990 qui-
846 3932 924 3991 magis
934 3933 1058 3992 proprium
1068 3932 1170 3977 videtun

286 3989 345 4040 ,bisc
358 3995 488 4041 mentitur
500 3993 644 4052 Campmus.
677 3992 760 4053 Vulgo
775 3995 815 4053 put
877 3993 910 4041 si
925 3996 1159 4057 Infelictterproelto.
1171 4026 1178 4040 .
1191 3999 1271 4055 μω
1281 4008 1362 4056 pacem

298 4061 409 4103 emmiu.
676 4063 678 4066 '
845 4072 931 4118 quoque
940 4059 1034 4122 adjecit]
1052 4061 1091 4105 Sic
1101 4060 1148 4120 legi
1156 4055 1232 4121 jussit
1242 4059 1362 4121 SIgonIus,

331 4120 365 4167 88
385 4119 432 4175 aas
448 4131 547 4181 regnum
562 4121 611 4182 εμπ
688 4121 814 4185 appetebas]
846 4123 885 4168 cui
896 4123 1027 4170 assentitur
1038 4124 1152 4170 Pithoeus.
1186 4123 1298 4183 Plerique
1307 4124 1362 4170 liba·

300 4182 401 4239 Alleluot
412 4183 613 4231 MSS.Gronovio
622 4184 733 4244 Inspectl,
742 4185 814 4230 etPi-
846 4186 909 4231 inter
925 4185 957 4233 τὶ
969 4192 1035 4247 gesto
1049 4195 1075 4233 et
1087 4200 1169 4247 pacem
1183 4187 1295 4233 Insemnt
1310 4200 1363 4234 ver-

301 4242 380 4289 amu
396 4248 461 4305 apud
481 4247 615 4293 chrnium
636 4260 681 4307 pro
700 4248 815 4309 appetebat
846 4250 906 4295 butu
916 4251 1102 4312 ‹optimaquod
1113 4251 1304 4310 pluneotiosum
1319 4257 1362 4298 αι
