2942 4750
291 235 327 305 vi
674 227 1018 305 PRAEFATIO.

292 451 361 531 ast
378 464 449 515 nec
466 437 545 513 sine
565 435 719 512 circuitu
747 440 941 513 verborum
965 437 1071 511 vitari
1092 436 1283 579 interdum
1311 441 1390 569 pot·

293 570 385 635 erat.

28 698 29 765 ι
132 695 193 804 ⁰⁶:
180 692 257 753 uto·
345 674 614 773 Epirumarum,
632 695 716 768 quae
733 669 888 799 singulis
912 670 1014 744 libris
1033 670 1286 768 praefiguntur,
1305 691 1389 741 auc·
1442 642 1444 653 ⁴

294 806 353 870 tor
377 792 577 885 ignoratur.
629 786 708 859 Eas
735 785 834 859 enim
862 797 927 859 aut
949 784 1056 860 livio
1080 785 1163 883 ipsi,
1186 784 1320 858 autL.
1341 782 1388 857 illi

294 910 419 990 Floro,
443 903 551 995 cujus
578 912 729 974 exstant
756 926 879 975 rerum
907 902 1164 975 Romanarum
1184 899 1272 973 libri
1299 924 1388 996 qua·

293 1014 388 1108 tuor,
407 1016 572 1092 adscribi
585 1040 662 1089 non
678 1016 816 1112 patitur
833 1017 961 1113 dispar
977 1017 1025 1090 ab
1049 1025 1206 1112 utroque
1224 1014 1311 1110 styli
1330 1014 1429 1087 co·

293 1140 362 1212 lor.
403 1131 580 1228 Quisquis
596 1130 658 1203 ille
674 1131 793 1217 merit,
811 1156 923 1228 quem
941 1156 1052 1205 nosse
1069 1131 1172 1204 haud
1189 1155 1281 1204 sane
1296 1129 1387 1202 mul·

294 1266 373 1327 tum
389 1250 559 1341 interest,
569 1247 685 1340 ejus
677 1256 778 1320 certe
801 1247 991 1334 breviaria,
1009 1256 1189 1344 tanquam
1205 1245 1387 1375 exanguia

293 1364 474 1465 quaedam
495 1372 534 1435 et
559 1362 688 1435 leviter
713 1363 937 1436 adumbrata
962 1362 1197 1460 pulcherrimi
1220 1361 1385 1459 corporis
1443 1418 1444 1491 J

294 1482 503 1565 simulacra,
522 1501 599 1551 non
623 1477 725 1551 omni
750 1501 913 1575 prorsus
922 1504 1012 1552 cura
1030 1478 1190 1574 indigna
1210 1486 1319 1565 sunt·
1344 1499 1386 1550 eo
1443 1450 1444 1543 i

294 1596 450 1694 quidem
462 1592 593 1689 magis,
611 1593 715 1688 qnod
731 1616 860 1666 eorum
885 1592 1011 1690 aliqua
1034 1605 1092 1666 est
1112 1594 1162 1665 ad
1185 1592 1385 1713 historiam,

293 1712 358 1786 ubi
377 1711 503 1786 livius
522 1707 658 1793 delicit,
676 1707 937 1782 illustrandam
952 1709 1102 1781 utilitas.

344 1826 472 1921 Atque
488 1825 577 1896 haec
581 1833 686 1907 ·,sunt
705 1847 788 1917 quae
814 1822 892 1896 sive
908 1824 958 1896 ad
977 1823 1071 1896 Livii
1097 1823 1222 1908 vitam,
1240 1821 1320 1895 sive
1339 1820 1384 1893 ad

294 1941 374 2033 ejus
402 1938 523 2057 operis
551 1940 720 2021 formam,
752 1937 1051 2035 descriptionem,
1072 1960 1257 2034 casusque
1275 1916 1385 2033 perti·

276 2086 279 2093 ·
295 2048 438 2140 nentia,
449 2076 528 2125 non
543 2051 714 2148 ignorare
731 2074 854 2149 operae
870 2055 1029 2152 pretium
1046 2054 1104 2127 sit

160 2182 277 2293 sirau}
344 2171 369 2244 J
371 2194 432 2242 ³¹¹¹
459 2167 545 2241 de
536 2192 619 2264 ¹P⁸⁰
644 2191 756 2265 ⁰P01'0
782 2194 949 2265 agamus,
967 2180 1005 2244 et
1029 2170 1108 2264 ejus
1130 2168 1284 2242 virtutes
1308 2193 1384 2265 quae

298 2295 385 2362 sunt
407 2284 566 2370 eximiae,
581 2292 662 2356 tum
682 2284 795 2357 etiam
819 2285 918 2372 vitia,
947 2286 1073 2383 siqua
1093 2285 1238 2370 fuerint,
1255 2285 1310 2357 ita
1328 2282 1385 2357 e'x-

133 2389 266 2489 ιιιτιιίἰ
297 2403 518 2501 pendamus,
536 2411 588 2474 ut:
607 2412 645 2474 et
669 2400 761 2499 quid
786 2399 979 2476 clarissimi
999 2403 1187 2500 scriptoris
1212 2403 1333 2489 fama,
1351 2401 1387 2473 et

133 2519 196 2552 '¹¹⁸'
297 2518 388 2615 quid
406 2515 549 2590 veritati
565 2517 756 2604 debeatur,
774 2518 912 2613 pariter
927 2517 1211 2592 meminerimus.

174 2683 216 2697 ..
290 2681 297 2694 -
345 2633 406 2705 Ac
422 2632 548 2727 primo
573 2630 726 2726 quidem
749 2631 1002 2728 eloquentiam
1027 2634 1121 2706 tanti
1146 2631 1212 2704 viri
1238 2632 1387 2705 laudare

153 2729 534 2844 tilul⁰supervacuae
556 2768 678 2840 operae
706 2746 764 2819 sit.
817 2747 939 2829 Quem
966 2749 1064 2823 enim
1091 2772 1169 2821 non
1191 2748 1317 2820 statim
1339 2747 1388 2819 le

294 2870 441 2959 gentem
461 2858 576 2932 allicit
599 2858 814 2933 inaffectata
829 2860 894 2934 illa
919 2864 1095 2938 narrandi
1105 2863 1337 2959 jucunditas,
1354 2873 1390 2934 et

295 2974 472 3074 limpidus
503 2973 612 3058 nitor,
643 2974 707 3070 qui
731 2984 770 3047 et
793 2975 952 3052 claritati
981 2981 1125 3066 serviat,
1155 3004 1225 3052 nec
1254 2989 1389 3064 careat,

271 3092 358 3167 ubi
385 3115 480 3188 opus
510 3099 577 3176 est,
603 3089 747 3179 nervis3
778 3116 856 3164 non
883 3094 1009 3191 inepto
1037 3094 1189 3170 tumidae
1214 3089 1391 3167 orationis
1443 3119 1444 3122 ’

296 3210 396 3283 fastu
420 3206 582 3293 indatus,
608 3207 676 3280 sed
700 3206 808 3280 simul
832 3208 1088 3307 simplicitatis,
1107 3210 1217 3284 simul
1244 3210 1389 3283 mundi·

292 3324 431 3395 tiarum
446 3345 615 3410 memor3v
636 3321 700 3418 qui
725 3323 1014 3419 amabili-velut
1035 3326 1098 3399 filo
1114 3326 1391 3412 deductura

295 3445 421 3532 gestas
434 3435 488 3507 ita
504 3435 663 3507 naturali
679 3438 846 3532 quodam
871 3439 1003 3514 ordine·
1026 3442 1188 3538 explicet
1211 3441 1392 3538 paulatim

295 3559 335 3623 et
360 3548 511 3644 aperiat,
540 3549 593 3621 ita
621 3549 794 3625 exhibeat
808 3554 945 3627 'omnia
969 3554 1063 3630 locis
1092 3556 1395 3654 temporibusque
1443 3551 1444 3564 ’

297 3662 485 3749 distincta,
508 3663 561 3737 ita
583 3689 671 3738 suos
697 3666 827 3742 allinat
850 3669 959 3744 rebus
985 3682 1022 3745 et
1040 3674 1209 3770 personis
1235 3671 1394 3758 colores,

297 3791 338 3855 ut
363 3804 491 3854 coram
518 3779 577 3875 agi
600 3782 785 3878 cernique,
807 3808 884 3858 non
908 3787 1067 3860 describi
1088 3813 1147 3862 res
1169 3788 1398 3884 auribusque

298 3895 418 3992 accipi
433 3896 653 3969 videantur?
705 3898 808 3979 Quid
826 3900 949 3974 dicere
966 3925 1061 3999 opus
1087 3913 1145 3977 est
1170 3905 1219 3977 de
1235 3903 1398 3978 incredi-

297 4011 361 4083 bili
381 4010 447 4082 illa
466 4010 690 4084 concionrnn
709 4013 790 4106 ejus
813 4025 851 4087 et
875 4017 1086 4091 orationum
1106 4019 1337 4115 eloquentia,
1355 4020 1399 4094 in

290 4124 431 4219 quibus
447 4126 603 4200 eximius
621 4126 779 4223 scriptor
794 4130 935 4204 nullam
949 4157 1025 4206 non
1041 4134 1222 4230 expressit
1239 4134 1398 4210 dicendi

296 4236 473 4312 laudent
509 4240 557 4313 In
582 4241 627 4315 iis
652 4244 955 4335 sententiatum
981 4249 1172 4344 gravitate,
1198 4259 1279 4323 tum
1306 4276 1401 4326 acu·
