2942 4750
32 636 37 647 ’
81 690 88 708 .
146 658 262 730 quum
278 656 427 706 orarum
441 634 635 764 angustiis,
652 633 692 708 in
714 658 761 707 ea
777 634 975 710 voluminis
991 634 1112 707 torma
1126 658 1331 731 quemm,

552 192 1237 315 ermenricus

67 399 446 476 ¹Freinshemius
436 400 610 499 migavit,
627 402 698 477 sibi
722 403 931 479 omittenda
947 402 1145 480 arbitratus
1167 413 1236 481 est.
1246 423 1286 470 Aa
1286 424 1388 480 mmm

147 519 276 615 Atque
306 516 348 590 id
379 516 533 614 quidem
566 518 712 594 consilli
746 543 879 618 capere
911 542 1067 594 necesse
1094 519 1237 607 babuit,
1247 487 1403 599 iffi

1249 620 1376 674 cutum,

146 748 319 847 elegerat,
344 757 458 822 toutae
482 749 677 823 nominum
701 749 929 823 multitudini
953 773 1063 848 pares
1088 748 1242 823 omnino
1250 693 1381 805 ⁰⁹⁹¹&

145 885 223 936 non
239 872 376 937 essent.
428 863 544 947 Quod
569 887 656 937 vero
682 863 888 952 contendit,
904 866 1065 939 limnines
1082 867 1314 940 eruditorum

53 1007 65 1037 ·
145 981 238 1052 sutis
253 1004 355 1052 nosse
368 978 432 1052 ubi
447 980 597 1080 singula
609 981 852 1067 inveniantur,
866 1004 912 1054 en
922 991 1079 1054 veterum
1094 980 1243 1073 ilistori-

146 1118 269 1169 cornm
281 1093 442 1189 buton,
460 1093 500 1166 id
516 1094 637 1182 nobis,
653 1094 798 1171 etiamsi
814 1096 976 1171 kenuines
990 1097 1151 1199 maditus
1166 1117 1245 1169 non
1356 1123 1359 1129 ·
1393 1126 1396 1133 ·

147 1232 196 1282 ex
212 1217 342 1289 nostro
365 1209 521 1283 modulo
547 1234 593 1283 ac
617 1210 716 1309 pede
740 1209 924 1295 metimur,
950 1209 1013 1283 rix
1037 1234 1082 1284 ac
1107 1232 1155 1284 rie
1181 1209 1244 1283 vix
1295 1286 1297 1291 ,
1367 1222 1369 1225 ’

146 1323 299 1422 quidem
324 1325 627 1425 persuaserimus.
680 1325 777 1399 Sunt
802 1324 903 1397 enim
932 1325 1062 1423 multa,
1092 1347 1171 1399 non
1194 1347 1244 1397 ex
1297 1408 1299 1413 ,

145 1439 385 1535 scriptoribus
401 1439 640 1513 historiarum
663 1438 793 1524 modo,
820 1439 888 1511 scd
905 1448 943 1511 et
958 1439 1244 1537 quibuscunque
1288 1534 1291 1541 Δ

146 1562 313 1647 veterum
329 1553 591 1651 monumentis,
619 1561 730 1650 etque
752 1552 866 1627 etiem
894 1578 942 1628 ex
965 1553 1167 1629 reconditis
1188 1554 1244 1627 in·

10 1742 11 1781 3
146 1650 296 1746 terdum
337 1644 696 1798 abstrusioribusque
733 1668 885 1743 latebris
929 1695 953 1742 a
990 1650 1244 1743 Freinshemio

10 1786 11 1815 ³
147 1795 266 1873 eruta,
281 1810 366 1881 que
391 1784 517 1858 stetim
540 1783 656 1860 cuivis
680 1787 823 1859 erudito
842 1785 1017 1859 bonini
1006 1809 1047 1858 m
1069 1791 1308 1883 promptu
1296 1784 1298 1793 ’
1355 1848 1375 1863 ,4

147 1902 282 1977 tlituru
287 1925 332 1974 ec
349 1900 536 1976 memorie
552 1924 755 1977 occursum
770 1900 873 1976 haud
889 1900 999 1976 facile
1015 1902 1222 1976 ddesutiir.
1276 1874 1311 1941 't'

147 2016 311 2092 ·”Ex
288 2042 347 2095 iis
359 2042 443 2115 quae
470 2017 510 2093 in
537 2026 617 2092 tota
640 2017 712 2095 bec
739 2018 788 2092 de
813 2017 1017 2095 editoribus
1040 2012 1244 2116 interpreti

147 2133 292 2245 busque
309 2133 405 2207 Livii
414 2132 674 2233 disputatione
699 2132 952 2219 disseruimus,
969 2133 1113 2229 liquido
1130 2157 1245 2230 appu-

58 2254 62 2261 ’
147 2270 230 2323 rere
258 2245 524 2346 existimamus,
554 2246 903 2340 praestantissimum
929 2246 1148 2377 scriptorem
1176 2242 1282 2319 ad·

149 2361 230 2440 huc
240 2383 348 2457 egere
364 2359 485 2433 amica
509 2383 636 2446 manu,
662 2385 747 2456 quoe
770 2386 838 2457 per
859 2384 990 2435 omnes
1013 2361 1095 2454 ejus
1121 2361 1400 2457 operisegniiiu„

148 2499 233 2551 oms
249 2485 287 2549 et
311 2498 479 2548 recessus
495 2474 673 2547 lectorem
690 2473 960 2549 circumducat
1011 2475 1049 2549 J.
1066 2474 1130 2550 Fr
1147 2475 1242 2552 Gio
1250 2454 1316 2579 22⁸2
1325 2455 1399 2568 {22¹¹

146 2591 279 2666 novius
305 2588 426 2664 noluit
454 2588 580 2666 omnia
608 2589 819 2686 complecti,
848 2616 965 2687 quum
987 2593 1132 2690 egregie
1158 2597 1313 2712 poelt*

146 2718 230 2784 set:
261 2707 324 2783 De
335 2706 423 2784 Jec
441 2704 633 2780 Gronovio
654 2703 818 2793 silemus,
831 2706 895 2804 qui
909 2719 948 2782 et
963 2707 1126 2807 paternis
1142 2703 1261 2783 insti·

150 2827 195 2902 tit
211 2823 385 2922 vestigiis,
402 2833 440 2898 et
455 2847 579 2921 psuco
598 2823 648 2896 de
664 2845 733 2897 suo
760 2823 927 2898 contulit.
979 2825 1110 2900 Voluit
1125 2821 1245 2921 Duje·

150 2941 237 3027 tius,
265 2965 336 3014 nec
364 2939 496 3035 potuit.
542 2938 606 3014 ‚Et'
625 2937 707 3035 ipse
735 2951 848 3037 negat
874 2942 1035 3018 voluisse
1064 2941 1243 3029 Clericus,
1293 2957 1296 2966 '

150 3082 221 3134 nec
246 3054 428 3153 potuisset
450 3053 619 3139 fortusse,
644 3053 676 3127 si
695 3055 862 3129 ‚maxime
885 3059 1072 3131 voluisset.
1124 3051 1246 3139 Heer-

150 3173 236 3249 nius
260 3167 453 3245 materiem
468 3168 749 3269 ,exaedilican'do
773 3170 876 3265 operi
904 3170 1120 3266 congessitz·
1150 3193 1245 3265 opus

151 3289 276 3388 ipsum
298 3286 362 3361 vix
388 3283 518 3381 attigit.
535 3371 537 3376 ‚
552 3283 760 3360 Audimus
784 3287 935 3356 novum]
948 3284 1051 3381 opud
1079 3283 1247 3359 Batavos

152 3404 251 3477 'Livii
278 3401 480 3478 editionem
502 3393 688 3478 adornari.
741 3400 837 3483 Quae
862 3400 1040 3497 quonism
1065 3393 1247 3477 hactenus

153 3525 340 3593 ostentatu
354 3526 502 3592 tuntum
517 3517 638 3592 verbis
660 3526 729 3602 est,
755 3516 920 3590 necdum
936 3515 976 3588 in
991 3516 1163 3606 manibus
1179 3517 1246 3590 ho-

151 3632 297 3708 minum
312 3641 489 3718 versatur,
500 3631 673 3725 judicare
685 3639 766 3706 'non
782 3653 993 3728 possumus,
1010 3641 1134 3706 utrum
1149 3631 1247 3728 prio-

152 3747 253 3822 ribus
284 3745 488 3822 absolutior
518 3746 642 3822 futuro
671 3743 729 3822 sit.
782 3744 876 3820 Ideo
894 3769 982 3821 nos
1012 3730 1107 3820 illud
1138 3749 1244 3842 opus,

151 3857 257 3956 quod
280 3856 392 3929 ceteri
416 3857 551 3954 partim
572 3857 828 3954 imperfectum
852 3857 1087 3955 reliquerant,
1110 3858 1247 3956 partim

151 3973 546 4078 imstiu,tentereruut,
565 3970 718 4066 aggredi
734 3969 968 4074 aiisisumus.
986 4061 990 4070 ,
1020 3969 1123 4055 Quid
1140 3995 1244 4068 spec·

10 4085 11 4114 l
150 4084 362 4172 tsierimus,
389 4082 481 4194 quid
508 4083 916 4182 voluerimusefficere,
939 4099 1111 4182 quaenem
1139 4088 1247 4162 suerit
1305 4129 1309 4134 ·

10 4211 13 4244 ι
34 4201 39 4205 ’
73 4209 78 4218 ’
150 4196 306 4272 instituti
322 4192 440 4274 nostri
456 4194 561 4284 ratio,
573 4195 655 4292 jam
672 4197 943 4276 declarandum
960 4194 1068 4276 nobis
1085 4210 1151 4277 est
