2942 4750
233 151 394 259 un,
627 145 970 224 anrnrro.
1060 83 1064 91 ’

236 334 483 435 emulantur.
535 358 650 433 Unde
665 361 709 434 tit
724 367 768 434 ut
783 366 958 456 corrupta
974 353 1127 429 omnino
1145 353 1340 430 deformis
1362 400 1368 409 ·
1412 330 1419 349 ’
1441 420 1444 443 .

233 484 350 572 taque
372 474 598 572 exemplaria
621 474 661 547 in
685 500 820 548 manus
836 473 1029 546 hominum
1045 471 1209 546 veniant.
1232 532 1239 539 .
1266 473 1337 547 Sic

233 615 318 688 quae
348 600 547 667 occurrunt
571 590 611 663 in
635 589 877 663 Gronoviana
902 587 1067 661 editione
1089 586 1236 673 menda,
1265 611 1336 660 ea-
1426 622 1444 635 -

234 705 323 779 dem
344 707 419 780 sere
443 730 624 780 novorum
649 707 900 803 quorumdam
925 702 1140 778 accessione
1163 712 1275 777 ancta
1290 702 1336 776 in
1396 684 1401 703 ¹

233 820 388 915 Dujatii,
418 824 458 894 in
485 821 710 908 Tillemonii,
741 821 782 895 in
811 819 946 894 Clerici
974 818 1199 894 editionibus
1228 820 1336 893 exbi-

232 937 375 1009 bentur.
428 935 517 1011 Hoc
546 961 595 1010 ne
617 936 735 1010 nobis
765 960 915 1034 quoqne
947 961 1018 1008 usu
1050 934 1202 1021 veniret,
1237 933 1333 1009 anti-

233 1052 380 1150 quiores
393 1052 643 1137 Gronoviana,
651 1051 835 1126 editiones
852 1050 959 1125 nobis
977 1051 1231 1125 consulendas
1247 1076 1333 1126 esse

233 1168 534 1255 existimavimus,
561 1167 704 1243 felicius
734 1169 860 1241 adhuc
888 1168 1046 1241 sortasse
1074 1190 1152 1240 rem
1179 1167 1330 1262 gestium

233 1283 266 1358 si
282 1284 406 1380 plures
422 1283 591 1358 nancisci
607 1292 645 1357 et
661 1283 873 1381 expendere
888 1282 1065 1356 licuisset.

285 1398 358 1473 His
375 1399 486 1496 igitur
501 1399 671 1473 instincti
688 1397 871 1496 praesidiis
889 1398 938 1471 a’d
957 1396 1105 1471 Livium
1122 1397 1333 1472 accuratius

234 1514 514 1591 emendandum
537 1539 609 1590 nos
635 1514 877 1601 accinximus,
900 1537 978 1587 non
997 1522 1040 1586 ut
1059 1524 1250 1588 certamen
1265 1537 1335 1588 n0-'

233 1633 293 1707 bis
317 1633 498 1707 adversus
522 1630 755 1706 Gronovium
780 1655 896 1727 prava
921 1629 1156 1702 aemulatione
1172 1653 1332 1703 sumere-

236 1773 331 1836 mus,
360 1751 467 1845 cujus
493 1748 598 1845 sequi
623 1745 777 1844 vestigia
798 1746 902 1819 laudi
925 1745 1108 1831 ducimus,
1132 1770 1245 1841 quem
1267 1770 1332 1842 pa·

235 1866 313 1937 lam
338 1868 553 1961 profitemur
580 1864 716 1959 ubique
743 1862 818 1936 fere
843 1861 952 1935 nobis
979 1863 1116 1935 ducem
1143 1886 1187 1934 ac
1210 1862 1331 1936 facem

107 2050 111 2057 ,
234 1976 358 2051 finisse.
397 1979 488 2050 sed
517 1978 548 2049 si
575 2003 659 2072 quae
686 1962 747 2049 ille
776 1985 842 2049 aut
862 1986 1024 2050 tentarat
1049 1975 1242 2064 audacius,
1266 1988 1330 2050 aut

234 2100 365 2167 contra
393 2115 460 2189 per
491 2090 644 2164 nimiam
677 2092 889 2165 cautionem
921 2091 1090 2167 incurata
1122 2091 1328 2189 reliquerat,

236 2232 352 2308 quum
369 2217 472 2282 certa
494 2207 529 2281 ei
547 2208 594 2280 et'
606 2206 818 2281 indubitata
839 2207 1005 2281 remedia
1028 2208 1109 2281 libri
1132 2208 1327 2296 offerrent,

238 2326 270 2402 si
286 2350 363 2424 qua
377 2324 540 2421 denique
555 2348 653 2411 eum,
671 2316 713 2399 nt
728 2324 917 2399 bominem
939 2323 1134 2423 multiplici
1149 2324 1333 2399 variarum

181 2497 186 2518 .
237 2466 360 2517 rerum
383 2439 608 2537 cogitatione
631 2440 851 2528 districtum,
875 2441 1090 2537 effligerant,
1116 2466 1162 2515 ea
1188 2441 1242 2514 ita
1269 2465 1334 2515 ex·

237 2559 338 2656 plere
354 2567 393 2632 et
408 2580 607 2654 persanare
622 2557 749 2631 conati
765 2582 904 2644 snmus,
923 2565 964 2630 ut
980 2557 1215 2631 confidamus
1232 2557 1333 2632 hunc

237 2698 349 2771 quern
364 2673 494 2748 lectori
510 2672 692 2748 tradimus
710 2672 806 2749 Livii
822 2684 967 2747 textum
991 2673 1073 2770 ipso
1090 2661 1333 2750 Gronoviano

236 2785 528 2864 emendatiorem
553 2815 597 2864 ac
623 2779 897 2865 defaecatiorem
922 2790 1011 2863 fore.
1064 2789 1182 2885 Cujus
1206 2777 1335 2864 tamen

237 2904 360 2978 laudis
376 2930 513 3003 magna
523 2915 616 3002 'pars
633 2906 683 2977 ad
705 2891 937 2977 Gronovium
961 2906 1068 2992 redit,
1086 2932 1202 3003 quum
1219 2907 1269 2979 ad
1285 2932 1334 2981 ea

236 3047 320 3119 quae
337 3021 577 3109 correximus,
594 3044 674 3094 non
688 3018 754 3095 illa
775 3028 921 3094 tantum
947 3020 1223 3096 adhibuerimus
1248 3048 1333 3121 qnae

236 3135 344 3210 nobis
360 3139 586 3235 parabamus
602 3136 684 3235 ipsi,
703 3136 772 3210 sed
788 3145 827 3210 et
850 3136 994 3233 optima
1016 3147 1054 3211 et
1070 3137 1232 3235 plurima
1248 3163 1332 3238 qnae

220 3253 539 3353 ⁸subministrabat
554 3254 617 3327 ille
634 3254 872 3327 documenta.
931 3259 933 3262 ’

287 3363 389 3437 Hinc
406 3368 685 3462 apparet'facile
702 3367 811 3440 nobis
829 3370 994 3442 futurum
1010 3370 1124 3444 fuisse
1139 3370 1331 3445 cumulare

234 3478 274 3550 in
290 3487 401 3551 notas
417 3479 637 3553 variantium
654 3481 856 3555 lectionum
872 3484 1028 3579 sylvam,
1047 3494 1085 3558 et
1101 3485 1334 3561 diversorum

236 3592 353 3667 MSS.
370 3601 409 3665 et
424 3591 610 3669 editorum
626 3597 790 3671 nomina.
842 3603 971 3696 Atque
982 3600 1023 3674 id
1040 3601 1198 3676 fortasse
1214 3600 1331 3698 magis

235 3707 307 3783 illis
330 3707 542 3807 placuisset,
568 3710 703 3808 quibus
729 3713 1027 3814 reconditiorem,
1054 3715 1128 3789 imo
1154 3716 1334 3790 horridio-

235 3849 314 3900 rem
332 3824 541 3899 doctrinam
561 3826 792 3922 jactantibus
817 3830 922 3903 nulla
945 3840 1003 3905 est
1026 3832 1252 3906 amoenitatis
1269 3831 1333 3906 mi·

235 3965 293 4014 ca.
346 3940 437 4014 Non
452 3941 513 4016 hic
529 3968 575 4017 ea
590 3941 823 4019 inculcamus
846 3969 929 4042 quae
950 3947 1031 4040 jam
1044 3935 1160 4046 'super
1175 3946 1241 4021 illo
1258 3947 1333 4045 ple·

235 4054 358 4151 risque
384 4055 586 4153 legentium
611 4059 836 4156 permolesto
862 4084 965 4134 more
992 4062 1245 4152 disseruimus,
1270 4062 1333 4137 ubi

237 4165 285 4237 de
313 4167 485 4246 notamm
515 4173 792 4250 concinnatoris
821 4176 945 4251 officio
975 4180 1190 4278 agebamus.
1225 4176 1331 4253 'Hoc
