2942 4750
256 217 275 271 6
617 209 733 269 ’ΤΙΤΙ
766 207 899 269 Livn

98 398 128 444 o.
139 397 168 443 c.
181 393 236 442 sta
264 373 423 461 Aquileiae'
435 373 543 453 modo,
559 375 578 407 ¹³
589 371 645 436 sed
662 372 776 438 Romae
799 392 927 459 quoque
947 380 1020 456 post
1040 388 1159 455 paucos
1174 365 1251 441 dies,
1267 361 1329 427 im*

100 460 170 508 ⁶2⁰·
184 458 237 505 ¹⁷⁸·
264 462 448 546 pleverunt:
472 482 546 544 quo,
562 479 628 521 non
650 471 744 543 capta
765 471 889 522 tantum
911 471 1015 522 castra
1035 456 1077 519 ab
1099 453 1253 527 hostibus,
1270 469 1331 512 nec

264 547 350 634 fuga,
366 568 438 633 quoe
453 565 526 608 vera
541 547 560 577 ¹⁸
568 555 667 620 erant,
683 545 738 608 sed
753 545 893 629 perditas
914 566 963 607 res
984 541 1187 624 deletumque
1209 532 1333 631 exerui:

244 648 334 698 tum
356 651 493 706 omnem,
509 629 647 693 adlatum
670 643 725 694 est
771 630 894 715 Itaque,
910 633 929 664 ¹⁴
942 627 1030 714 quud
1051 628 1085 690 in
1107 624 1247 689 tumultu
1263 620 1332 683 fieri

266 718 356 795 solct,
371 716 511 780 delectus
526 725 619 779 extra
632 713 790 792 ordinem,
806 737 871 777 non
887 715 920 777 in
936 715 1017 778 urbe
1034 725 1168 786 tantum,
1185 709 1241 773 sed
1262 714 1333 770 toto

268 803 369 878 Italia,
386 800 506 864 indicti.
551 799 637 865 Duae
651 799 793 888 legiones
807 801 923 864 civium
939 800 1158 862 Romanorum
1170 791 1334 889 conscrip-

267 905 319 966 tae,
334 900 366 949 et
380 886 489 949 decem
506 884 604 951 millia
617 886 762 970 peditum
777 908 849 949 cum
865 884 1023 970 equitibus
1045 880 1227 968 quingentis
1241 896 1336 976 sumis

266 972 404 1037 nominis
430 971 541 1034 Latini
566 973 727 1055 imperata.
775 970 826 1035 M.
852 971 967 1034 lunius
995 968 1108 1034 consul
1137 965 1272 1030 transire
1300 982 1336 1024 sn

268 1058 406 1123 Galliam
429 1057 516 1120 ctob
531 1056 710 1123 civitatibus
733 1057 908 1141 provinciae
929 1057 1005 1140 ejus,
1022 1067 1175 1139 quantum
1200 1072 1243 1135 qu
1294 1060 1339 1111 ue

266 1154 385 1228 posset,
409 1143 545 1206 militum
571 1144 699 1226 exigere
714 1144 833 1227 jussus.
879 1141 983 1206 Simul
1004 1141 1178 1214 decretum,
1202 1070 1336 1285 offla
1381 1202 1390 1224 .

192 1276 197 1279 -
269 1228 424 1293 Claudius
438 1242 557 1312 praetor
572 1228 725 1301 militibus
740 1226 873 1313 legionis
893 1243 1025 1313 quartae.
1047 1240 1079 1289 et
1093 1224 1213 1288 socium
1291 1239 1338 1282 rm
1379 1295 1387 1313 ι

268 1316 408 1378 nominis
422 1314 563 1400 quinque
581 1313 730 1391 millibus,
747 1313 905 1399 equitibus
925 1311 1071 1378 ducentis
1092 1306 1335 1396 quinquaginta,

270 1401 360 1479 Pisas
388 1410 423 1462 ut
445 1400 662 1476 convenirent,
689 1400 843 1473 edicerot;
868 1422 1002 1484 eamque
1024 1395 1231 1482 provinciam,
1257 1390 1337 1455 dum

269 1484 380 1550 consul
395 1485 470 1550 inde
484 1484 617 1560 abesset,
627 1497 801 1550 tutaretur:
825 1487 873 1549 M.
890 1485 1031 1550 Titinius
1045 1495 1165 1567 praetor
1178 1478 1336 1566 legionem

269 1572 418 1656 primam,
441 1592 550 1655 parem
571 1592 741 1635 numerum
763 1571 922 1635 sociorum
946 1570 1089 1654 peditum
1120 1566 1339 1650 equitumque,

270 1657 453 1722 Ariminum
470 1657 638 1721 convenire
647 1657 785 1742 juberet.
823 1657 912 1721 Nero
927 1656 1093 1740 paludatus
1110 1651 1200 1716 Pisas
1215 1651 1248 1713 iu
1264 1668 1339 1731 pro·

270 1743 406 1819 vinciam
421 1755 468 1806 cst
482 1740 652 1821 profectus.
680 1740 848 1819 Titinius,
866 1744 906 1806 C.
923 1742 1035 1806 Cassio
1055 1740 1186 1803 tribuno
1200 1734 1338 1800 militum

272 1830 466 1904 Ariminum,
489 1827 543 1914 qui
573 1839 724 1911 praeesset
753 1827 881 1914 legioni,
905 1828 1012 1900 misso,
1040 1826 1199 1890 delectum
1224 1822 1339 1886 Romoe

271 1912 393 1979 habuit.
439 1912 489 1977 M.
511 1913 628 1978 Juniua
657 1912 779 1988 consul,
809 1934 850 1976 ex
881 1912 1055 1999 Liguribus
1078 1912 1112 1973 in
1141 1907 1339 1993 provinciam

272 1999 411 2061 Galliam
435 2010 658 2086 transgressus,
674 1999 799 2062 auxiliis
813 2000 959 2082 protinus
1021 2019 1038 2060 r
1060 1997 1202 2060 civitates
1224 1990 1341 2057 Galliae

274 2085 293 2117 ¹⁸
304 2083 520 2167 militibusque
543 2083 665 2146 colonis
685 2084 859 2167 imperatis,
888 2021 1071 2168 Aquildiam
1093 2080 1263 2176 pervenit..
1290 2075 1342 2139 lbi

272 2170 388 2233 certior
417 2170 529 2244 factus,
560 2171 734 2233 exercitum
767 2168 957 2233 incolumem
988 2191 1064 2246 esse,
1088 2168 1213 2250 scriptis
1242 2162 1343 2225 hteris

274 2256 423 2331 Romam,
453 2276 495 2318 nc
525 2255 805 2331 tumultuarentur,
835 2256 913 2338 ipse,
944 2255 1080 2319 remissis
1105 2251 1241 2322 auxiliis,
1268 2268 1343 2332 quse

273 2340 375 2420 Gallis
408 2343 629 2427 imperaverat,
659 2340 699 2406 ad
735 2339 890 2429 collegam
918 2352 966 2405 est
993 2339 1163 2426 profectus.
1225 2335 1341 2400 Roma

273 2449 391 2513 magna
411 2450 453 2491 ex
473 2428 665 2511 necopinato
694 2427 804 2491 laetitia
832 2427 911 2493 fuit:
941 2427 1083 2491 delectus
1111 2426 1245 2490 omissus
1275 2430 1342 2519 esti

273 2513 485 2588 exauctorati,
516 2513 571 2597 qui
600 2525 799 2575 sacramento
828 2513 996 2578 dixerant:
1030 2525 1062 2576 et
1090 2511 1256 2580 exercitus,
1287 2526 1346 2590 qur

274 2599 411 2658 Arimini
434 2596 613 2676 pestilentia
638 2594 780 2654 adfectus
802 2608 880 2667 erat,
902 2596 1036 2656 domum
1056 2597 1210 2654 dimissus.
1257 2590 1342 2666 Istri,

275 2671 399 2763 magnis
414 2678 514 2759 copiis
531 2694 631 2759 quum
646 2686 749 2737 eastra
770 2673 857 2739 haud
878 2679 989 2757 procul
1003 2676 1148 2738 »consulis
1162 2673 1272 2737 castris
1286 2674 1346 2737 ho·

276 2764 399 2846 herent,
414 2771 583 2843 postquam
599 2757 733 2822 alterum
748 2762 910 2823 consulem
933 2781 1007 2824 cum
1029 2760 1171 2823 exercitu
1186 2780 1271 2824 noro
1285 2757 1346 2823 ad·

275 2848 397 2926 venisse
409 2844 590 2920 audierunt,
607 2845 728 2928 passim
741 2844 774 2907 iu
797 2846 937 2909 civitates
951 2846 1065 2930 dilapsi
1079 2858 1174 2910 suut:
1197 2844 1345 2910 consules

277 2930 458 3015 Aquileiam
476 2931 508 2993 in
525 2930 657 2994 hiberna
672 2930 813 3018 legiones
830 2931 1036 2998 reduxerunt.

319 3017 378 3082 VI.
414 3014 532 3082 Sedato
563 3017 691 3079 tandem
722 3017 835 3081 Istrieo
864 3017 1015 3098 tumultu,
1038 3016 1348 3081 senatusconsultum

276 3101 463 3177 factumest,
480 3113 515 3164 ut
531 3100 675 3165 consules
698 3103 781 3167 inter
796 3126 830 3166 se
844 3117 1076 3187 compararent,
1093 3117 1163 3168 uter
1177 3126 1288 3167 eurum
1302 3102 1345 3166 ad

277 3187 405 3254 comitia
425 3187 574 3252 habenda
596 3189 732 3251 Romam
755 3189 892 3253 rediret.r
926 3189 1039 3265 Quum
1060 3189 1223 3254 absentem
1246 3187 1346 3252 Man-

277 3274 356 3372 lium
380 3273 499 3338 tribuni
529 3272 639 3358 plebis,
664 3276 682 3309 ¹²
694 3275 734 3337 A.
762 3273 903 3339 Licinius
933 3277 1043 3341 Nerva
1075 3288 1107 3340 et
1139 3276 1175 3341 C.
1200 3274 1349 3357 Papirius

314 3488 344 3536 12
366 3488 412 3536 Sed
430 3488 512 3536 nonae
528 3503 614 3550 quoque
627 3519 634 3535 .
646 3520 673 3536 ..
690 3489 797 3550 impleue-
828 3494 1017 3540 essedebebant.
1050 3492 1135 3547 Quum
1153 3497 1236 3538 autem
1258 3506 1278 3538 c.
1296 3505 1347 3551 seq.

280 3551 349 3615 rma]
368 3552 424 3598 Nun
436 3555 501 3612 quod
515 3553 620 3601 Romam
637 3554 738 3613 proiecti
749 3556 798 3600 sint
830 3556 866 3602 M.
887 3557 993 3604 Titinius
1012 3557 1107 3602 dicatur
1127 3564 1239 3602 senatum
1254 3556 1349 3600 dodim

280 3617 307 3663 hi
326 3613 432 3669 Gavillii,
450 3619 491 3662 sad
511 3620 580 3678 quod·
594 3631 678 3663 rumor
700 3620 730 3664 ab
751 3620 798 3663 iilis
831 3621 972 3680 Sempronio
986 3629 1011 3667 et
1030 3621 1162 3673 Postumio,
1175 3620 1238 3679 quod
1257 3630 1349 3664 munus

280 3691 377 3740 sparsus
383 3681 494 3740 Aquileia
503 3682 608 3727 Romam
616 3682 683 3727 brevi
691 3684 798 3742 perlatus
830 3687 866 3729 est
878 3685 988 3743 praetoris
1004 3685 1090 3730 urbani
1107 3684 1245 3729 absentibus
1260 3694 1349 3727 consu·

280 3744 363 3792 tirarit.
384 3744 536 3791 Ducarius.
759 3773 762 3778 ·
829 3748 902 3802 libus,
910 3745 1030 3808 judicavit
1041 3749 1107 3793 idem
1119 3747 1219 3807 Pighius
1231 3748 1350 3792 mbanam

315 3807 457 3869 ldEraat]
481 3809 519 3854 Sic
539 3810 730 3856 recthronovii
747 3812 797 3856 cdi·
825 3808 1020 3872 jurisdictionem
1037 3811 1129 3857 'Titinio
1145 3811 1268 3870 obtigisse,
1279 3809 1352 3856 Clau·

279 3873 344 3919 dere
377 3873 427 3917 Atii
437 3876 496 3924 erat,
508 3878 569 3918 teste
582 3874 695 3920 Heumio.
829 3877 870 3922 dio
882 3875 973 3921 Neroni
985 3876 1160 3920 intersit-eset
1174 3876 1319 3934 peregriaos.

313 3935 345 3983 lt
362 3935 428 3991 Quod
440 3936 465 3980 iu
477 3937 578 3982 tumultu
608 3940 720 4002 celidri]
741 3937 797 3985 viu
866 3939 896 3985 lo
924 3939 1088 3998 Mariumque
1111 3939 1195 3984 edonis
1219 3939 1350 4002 imperatis]

280 4007 330 4046 not.
342 3999 383 4048 52.
394 4001 425 4045 ad
436 4001 452 4044 l.
464 3998 526 4046 Vll.
538 4015 558 4046 c.
571 3940 686 4062 strupra.
832 4002 890 4048 Noa
904 4003 956 4049 sine
966 4016 1041 4049 causa
1056 4008 1150 4062 optaret
1166 3999 1281 4064 Dujatius
1294 4003 1353 4050 ωἱο·

314 4063 345 4109 15
359 4064 396 4110 rt
407 4062 520 4111 Claudius
526 4063 627 4127 pretor]
641 4066 679 4112 Ex
689 4068 735 4112 huc
746 4067 799 4111 loco
830 4067 884 4112 niis.
917 4068 1001 4120 Quum
1012 4067 1102 4112 milites
1117 4067 1217 4112 coloniis
1236 4067 1352 4125 imperas·

280 4129 448 4188 rectecuiiigit
460 4127 561 4187 Pighius
572 4129 637 4173 hunc
652 4137 677 4175 et
688 4129 724 4174 M.
737 4128 799 4174 Titi·
832 4137 876 4175 set.
909 4129 991 4190 Magis
1012 4133 1091 4177 adhuc
1107 4130 1222 4189 placeret,
1237 4129 1352 4191 pertulu-

281 4189 360 4244 nium‚
383 4193 425 4250 qui
447 4192 510 4237 infra
532 4192 679 4245 nominatur,
698 4188 751 4250 juri
773 4193 799 4237 in
832 4195 890 4238 aior.

280 4254 340 4299 urbe
351 4254 456 4299 dicundo
472 4255 603 4313 praefuisse.
637 4254 715 4301 Ceteri
730 4257 803 4318 enirn,
863 4256 894 4303 lt
910 4251 1059 4305 Adicimus
1070 4255 1277 4321 Ner-oolAdjecit
1295 4256 1354 4303 huic

281 4323 396 4378 pretores
415 4324 473 4364 tunc
492 4318 518 4363 in
537 4319 675 4378 provincias
696 4319 798 4379 proiecti
830 4320 927 4369 tribuno
937 4336 1078 4384 praenomen
1090 4322 1210 4384 Sigonius.
