2942 4750
504 192 851 273 PRAEFATIO.
1185 201 1225 274 xi

126 399 253 489 hodie,
277 427 346 478 nec
369 404 471 493 dilui,
499 430 569 481 nec
599 404 834 503 comprobari
860 404 1013 478 omnino
1038 428 1148 503 posse
1170 408 1224 482 la-

127 514 200 591 cile
216 520 493 623 crediderimus.
547 521 643 595 Fieri
660 520 898 619 sane‘potuit,
914 532 957 594 ut
979 520 1093 594 homo
1111 521 1225 596 Pata·

57 682 64 692 -
126 628 235 708 vinus
251 636 411 734 patriam
435 637 547 735 plane
568 633 766 711 ¹dediscere
789 644 868 711 uon
893 636 1060 733 quiverit,
1078 646 1116 709 et
1131 627 1227 710 levia

126 743 302 846 quaedam
328 752 517 826 retinuerit
539 748 718 849 loquendi
741 752 839 839 vitia,
863 777 947 850 quae
972 751 1149 848 principis
1172 753 1227 826 in·

127 874 185 938 ter
212 866 409 941 Romanos
427 866 491 940 vin‘
515 876 650 941 teretes
673 876 711 941 et
727 867 920 983 religiosas
937 892 1045 941 aures
1063 867 1226 942 offende-

39 985 60 1039 ἴ
125 990 221 1053 rent.
273 980 330 1055 At
357 988 439 1069 nos,
464 983 598 1079 quibus
626 983 762 1056 Latina
786 972 913 1078 lingna
940 982 1132 1079 peregrina
1157 994 1225 1070 est,

126 1094 192 1191 qui
209 1119 294 1169 eam
310 1121 357 1170 ex
372 1097 475 1170 libris
492 1099 754 1171 tantummodo
771 1121 998 1211 cognoscere
1014 1110 1226 1195 possumus,

126 1205 334 1305 quomodo
338 1221 485 1288 tanturn
510 1213 620 1286 nobis
642 1236 911 1309 arrogaremus,
929 1222 985 1285 ιιι
981 1212 1071 1285 illos
1088 1237 1226 1299 navos,

127 1326 192 1422 qui
213 1326 474 1439 plerorumque
499 1327 759 1401 Romanorum
783 1327 916 1400 oculos
940 1327 1098 1401 fortasse
1125 1329 1227 1403 falle

126 1441 221 1513 bant
222 1432 521 1538 ,deprehendere
537 1454 575 1515 et
591 1442 781 1537 assignare
792 1442 1037 1515 auderemus?
1072 1441 1120 1515 ld
1136 1469 1227 1517 sane

127 1557 325 1630 tentaverit
349 1556 538 1651 DujatiuS,
567 1557 682 1628 homo
709 1556 866 1628 nonita
893 1581 916 1627 a
945 1546 1182 1632 Latinitate
1171 1584 1225 1631 ιιι-
1235 1581 1339 1690 narn

130 1682 305 1758 structae,
324 1681 366 1745 ut
383 1672 548 1745 Livianae
566 1671 743 1744 orationis
760 1693 956 1744 censuram
974 1682 1110 1767 ageret
1146 1646 1286 1746 Nam

126 1786 186 1860 bis
217 1786 532 1861 consultissimum
562 1787 708 1861 videtur
732 1812 779 1860 ea
812 1787 860 1859 de
886 1810 926 1858 re
952 1785 1070 1859 silere.
1123 1785 1229 1862 Bene

127 1903 296 1999 profecto
329 1903 525 1978 nobiscum
558 1915 738 2000 ageretur,
767 1902 831 2000 qui
861 1901 1036 1976 Latinam
1062 1902 1226 2000 linguam

127 2018 310 2091 balbutire
327 2043 518 2106 conamur,
537 2019 568 2093 si
593 2019 688 2093 Livii
710 2009 916 2092 orationein
937 2043 1023 2093 cum
1045 2044 1113 2093 sua
1133 2043 1225 2116 quo·

128 2156 202 2279 que
219 2134 479 2209 Putaainitate
496 2138 647 2208 daretur
661 2136 845 2230 effingere.

131 2249 265 2323 Nec
282 2273 370 2322 vero
387 2242 601 2375 eloquentia
622 2257 766 2321 tantum
789 2248 923 2321 claruit
939 2248 1044 2334 Livii,
1062 2250 1131 2322 sed
1147 2250 1226 2323 lau·
1251 2269 1271 2330 ι.
1283 2275 1306 2316 ι.

131 2365 243 2437 datur
259 2373 297 2438 et
313 2364 420 2450 fides,
435 2390 518 2461 quoe
537 2363 656 2460 prima
668 2362 783 2436 virtus
797 2363 845 2436 ab
860 2362 1095 2436 historiarum
1112 2335 1306 2470 scripw¹
1266 2336 1361 2383 ¹¹¹'F

128 2491 209 2553 tore
232 2479 436 2575 requiritur.
488 2480 637 2552 Ausum
664 2502 747 2574 esse
773 2502 858 2549 eum
889 2502 975 2550 vera
1003 2478 1115 2551 etiarn
1140 2500 1257 2551 cume
1259 2500 1387 2546 ιιιιιιιιιι

130 2595 345 2668 offensionis
366 2593 530 2692 periculo
556 2593 690 2678 dicere,
709 2592 945 2688 veritatisque
966 2578 1307 2666 studiosioreml‘n‘
1264 2570 1338 2610 ’Μ

129 2705 253 2796 trisse,
282 2735 395 2807 quam
422 2709 549 2807 gratia
569 2707 808 2806 imperantis,
835 2731 951 2781 exeo
981 2717 1084 2805 patet
1109 2709 1224 2804 quod,

131 2827 308 2899 referente
330 2825 477 2912 Tacita
504 2825 557 2898 ita
581 2825 651 2900 Cn.
672 2823 896 2921 Pompeium
922 2824 1095 2899 laudibus
1121 2833 1224 2897 extu·
1235 2846 1277 2892 ιι.
1289 2847 1354 2891 ιιι.

130 2942 235 3027 ierat,
269 2951 311 3014 ut
344 2940 617 3037 Pompeianum
655 2965 742 3014 eum
775 2939 971 3036 Augustus
1010 2917 1274 3036 appellath

133 3057 241 3185 Saepe
268 3054 362 3129 Brut
347 3067 438 3142 tum,
471 3055 655 3140 Cassium,
690 3055 914 3150 Scipionem,
946 3053 1154 3138 Afranium,
1186 3062 1227 3125 ut

130 3171 293 3268 insignes
312 3172 408 3245 viros
434 3169 700 3242 nominaverat.
755 3168 890 3264 Neque
911 3166 962 3252 id,
981 3167 1115 3239 eodem
1132 3175 1226 3238 teste

131 3288 278 3372 Tacito,
302 3286 472 3360 amicitiae
495 3285 623 3383 ipsius*
638 3305 724 3358 cum
743 3282 918 3378 Augusto
949 3281 1095 3354 offecit:
1121 3280 1225 3378 quod

131 3404 284 3499 quidem
314 3402 443 3476 dubito
472 3412 595 3474 utrum
622 3397 898 3498 patientissimis
923 3395 1108 3495 Principis
1132 3396 1226 3470 auri·

29 3568 36 3581 ·
131 3511 213 3603 bas,
232 3542 281 3589 an
298 3507 489 3590 scribentis
505 3515 664 3589 libertati
679 3514 789 3587 fuerit
804 3513 1117 3588 honorificentius.

184 3633 260 3705 Sed
285 3643 323 3705 et
346 3632 384 3704 ιιι
408 3632 453 3705 iis
475 3657 559 3729 quae
582 3630 696 3704 hodie
718 3639 927 3728 supersunt,
946 3631 1049 3704 nulla
1074 3635 1228 3728 apparet

133 3747 393 3824 assentationis
409 3772 498 3843 erga
517 3771 603 3819 eum
619 3746 683 3842 qui
708 3770 830 3819 rerum
849 3745 1028 3843 potiretur
1053 3743 1226 3850 suspicio.

135 3864 258 3939 Semel
278 3872 347 3934 aut.
363 3859 504 3935 'iterum
526 3860 565 3933 in
590 3860 676 3934 totis
698 3851 862 3958 quinque
888 3871 927 3933 et
953 3859 1101 3954 triginta
1126 3855 1228 3930 libris

134 3981 349 4076 Augustum
372 3978 557 4074 appellat:
585 3978 653 4049 sed
678 3975 760 4074 ipsa
780 4001 821 4047 re
845 3981 1035 4071 poscente,
1057 3971 1124 4043 sed
1147 3970 1228 4045 bre·

133 4096 223 4170 viter
238 4107 277 4170 et
302 4093 450 4178 cursim,
469 4092 627 4166 modicis
650 4116 738 4165 curn
762 4088 936 4163 laudibus
953 4097 991 4160 et
1008 4085 1113 4158 veris.
1166 4085 1227 4159 Li-

134 4213 200 4286 bro
226 4212 356 4310 primo,
383 4233 466 4306 cap.
489 4196 544 4283 19.
570 4207 751 4306 templum
775 4202 875 4292 Jani,
901 4202 1100 4278 occasione
1126 4202 1227 4287 data,
