2942 4750
302 204 430 281 lxxxiv
680 198 1022 279 PRAEFATI'O.

302 440 387 514 quae
420 422 547 490 tamen
579 413 627 487 ad
651 413 956 488 commoditatem
984 406 1133 485 lectoris
1160 407 1398 507 αὶιφιιιειιιιι

140 553 255 601 mann
291 529 495 628 pertineat,
525 552 652 606 curam
679 528 905 626 impendere
956 525 1091 624 Itaque
1119 534 1157 599 et
1181 525 1397 625 interpunc

140 632 235 794 {222⁰
219 618 295 796 3⁸⁶&
304 646 407 733 tioni,
424 646 485 721 ubi
501 645 565 720 illa
581 644 713 719 vitiosa
736 654 826 731 erat,
838 643 1099 718 emendanda
1116 642 1274 716 sedulo
1263 643 1419 741 mvigi,

139 876 507 951 οοΜ’»δ’(ιοΙιιιῑιιιιιιιι
538 876 725 950 interdum
764 874 1136 973 perspicuitatemque
1168 872 1214 947 iis
1245 816 1393 961 reddat,

300 1018 386 1092 quae
403 991 568 1089 alioquin
583 990 847 1066 obscurissima
870 990 1111 1064 videbantur:
1136 999 1176 1063 et
1191 988 1293 1064 circa
1308 1015 1391 1065 eam
1419 1036 1429 1077 o

168 1132 172 1141 ·
300 1132 416 1207 quam
431 1116 568 1182 vocant
583 1106 910 1206 Orthographiam,
932 1105 1164 1180 Gronovium
1187 1105 1264 1180 fere
1288 1133 1389 1182 secu·

279 1216 282 1231 '
302 1223 330 1297 ti
346 1247 484 1311 sumus,
497 1221 567 1321 'qui
585 1221 778 1296 minimum
794 1222 985 1319 avulgata
1001 1220 1164 1295 recedit:
1190 1231 1229 1296 et
1254 1225 1388 1320 majus·

301 1342 418 1429 cules,
434 1352 476 1416 ut
491 1338 702 1438 loquuntur,
719 1339 860 1415 litteras
877 1338 966 1426 solis
991 1336 1183 1412 hominurn
1205 1339 1386 1414 locorum-

300 1484 357 1547 ve,
384 1482 461 1533 non
493 1482 697 1543 munerum,
732 1467 798 1531 aut
826 1456 1010 1530 bonorum
1035 1454 1247 1559 nominibus
1276 1482 1387 1556 appo

301 1574 464 1651 suimus:
502 1585 540 1649 et
564 1573 755 1672 neglectos
777 1572 858 1667 jam
878 1598 902 1646 a
927 1571 1110 1670 plerisque
1134 1582 1312 1648 accentus
1340 1575 1385 1648 ita

299 1692 565 1779 revocavimus,
582 1701 624 1764 ut
645 1713 714 1764 uec
741 1690 860 1764 densa
882 1712 1011 1763 eorum
1035 1687 1135 1762 velut
1159 1688 1267 1784 sylva
1291 1689 1384 1764 oculi

299 1808 500 1905 legentium
528 1807 804 1906 impedirentur,
834 1815 872 1879 et
897 1831 945 1880 cx
973 1804 1017 1879 iis
1040 1815 1166 1880 tamen
1191 1804 1318 1903 aliqua
1338 1806 1382 1879 ad

196 1952 202 1963 ·
298 1947 449 1996 sensum
471 1922 634 1995 'facilius
675 1922 904 2020 celeriusque
941 1922 1217 2020 assequendum
1249 1920 1382 1995 utilitas

297 2035 381 2132 capi
396 2045 534 2133 posset.
573 2034 747 2133 Denique
763 2037 876 2111 etiam
889 2036 1028 2135 aliquid
1044 2062 1165 2137 operae
1181 2038 1383 2136 impertien-

299 2150 390 2225 dum
417 2151 486 2226 fuit
519 2150 817 2227 distinctionibus
850 2153 1015 2252 capitum
1047 2153 1168 2251 aptius
1200 2155 1381 2229 interdum

297 2268 541 2356 collocandis,
569 2268 669 2343 circa
693 2293 788 2366 quas
804 2294 850 2345 ea
866 2270 985 2345 fuerat
999 2270 1230 2369 quibusdam
1241 2271 1280 2344 in
1295 2271 1382 2346 locis

297 2384 481 2459 editomm
497 2385 732 2484 negligentia,
761 2397 801 2461 ut
825 2388 870 2462 iis
894 2412 973 2462 non
996 2398 1140 2463 tautum
1166 2388 1275 2463 unius
1300 2391 1381 2464 facti

295 2497 470 2589 narratio,
489 2502 557 2576 sed
573 2502 698 2576 media
722 2527 873 2601 quoque
897 2505 1074 2602 perindus
1100 2505 1381 2603 abrumperetur,

296 2618 398 2693 velut
423 2619 485 2692 lib.
514 2617 562 2692 V.
580 2617 624 2692 o.
654 2625 714 2693 25.
767 2618 895 2716 Atque
920 2620 959 2694 iu
985 2619 1029 2694 iis
1055 2618 1208 2718 quidem
1230 2621 1381 2718 qua'e'ad

296 2747 513 2813 contextum
530 2736 651 2834 ipsum
668 2734 863 2834 pertinent,
882 2736 962 2811 haec
987 2745 1075 2810 suut
1100 2763 1184 2834 quae
1201 2736 1332 2811 intueri
1346 2743 1381 2810 et

295 2873 363 2951 pro
380 2854 517 2929 viribus
533 2861 708 2950 praestare
723 2852 841 2926 nostri
858 2852 970 2926 officii
985 2861 1075 2926 erat.

135 2993 181 3042 m.
191 2996 243 3042 1000
254 2992 279 3040 u
345 2968 520 3046 Diximus
537 2968 576 3042 id
592 2966 701 3042 nobis
718 2966 886 3041 secundo
911 2968 998 3043 loco
1015 2967 1246 3068 propositum
1262 2969 1381 3054 fuisse,

134 3060 339 3235 {iiiuffitut
369 3085 653 3183 explanaremus
685 3107 731 3156 ea
762 3107 847 3178 qua
879 3080 919 3154 in
944 3082 1064 3157 verbis
1092 3080 1382 3158 locutionibusve

134 3204 213 3366 ⁶:3¹5?
173 3190 273 3300 ΜῗζΝ
233 3261 283 3302 u·
273 3195 409 3299 paulo
440 3200 674 3298 impeditiora
702 3199 925 3273 viderentur.
976 3198 1100 3283 Qua'
1090 3222 1129 3272 m
1156 3223 1195 3272 re
1221 3197 1281 3273 hic
1314 3223 1379 3273 nos

132 3332 240 3431 bulzan
201 3313 476 3394 russolticitos
493 3314 621 3388 habuit
645 3324 777 3399 metus,
804 3339 852 3388 ne
876 3313 915 3388 in
940 3314 1106 3389 diversas
1131 3315 1241 3412 plane
1266 3339 1379 3411 repre
1423 3387 1424 3390 ,

135 3448 226 3507 bmrue
237 3397 279 3507 ie
297 3428 521 3503 hensiones
508 3449 790 3516 incurreremus,
807 3440 845 3504 et
861 3430 900 3504 in
924 3430 1109 3525 ejusmodi
1133 3430 1232 3504 notis
1258 3430 1380 3504 velut

133 3514 191 3560 [ω
152 3512 280 3625 mili
243 3544 411 3624 mium
427 3543 640 3631 offenderet,
658 3544 717 3618 rel
738 3549 893 3677 parurn.
920 3572 952 3621 ει
942 3546 1105 3636 multa,
1131 3571 1179 3622 ne
1204 3546 1342 3622 docti
1331 3571 1381 3621 m·

296 3659 375 3738 utili
392 3685 432 3736 se
449 3684 555 3734 mora
577 3662 809 3750 retardatos,
835 3663 866 3737 si
883 3663 1229 3760 paucae,nemi1ius
1246 3664 1381 3739 exemi

295 3779 364 3857 tati
377 3778 579 3877 ⁴neglectos
607 3802 648 3852 se
675 3803 758 3852 esse
786 3785 1067 3876 quererentur.
1086 3778 1141 3853 Et
1165 3778 1357 3878 quidem
1346 3803 1383 3854 m

297 3898 370 3971 hoc
386 3894 535 3994 negotio
552 3893 629 3970 ficri
639 3893 798 3967 omnino
823 3899 911 3969 non'
925 3901 1037 3995 posse
1059 3895 1327 3982 existimamus,
1344 3909 1383 3970 ut

297 4009 381 4108 quis
409 4009 460 4081 ad
487 4006 653 4081 omnium
674 4031 714 4080 se
737 4007 947 4083 voluntates
970 4010 1243 4097 accommodet,
1268 4009 1383 4084 omni-

296 4123 367 4198 bns
399 4122 613 4198 satisfaciat.
665 4120 816 4196 Etenim
842 4143 923 4198 non
949 4150 1017 4225 pro
1047 4125 1227 4201 doctrinm
1249 4126 1383 4210 solnm,

296 4238 366 4308 sed
395 4247 436 4310 et
462 4260 530 4335 pro
561 4229 792 4334 ingeniorum
818 4238 1008 4328 ramae,
1035 4253 1118 4341 quae·
1144 4240 1291 4316 infinita
1320 4257 1385 4328 est,
