2942 4750
263 133 333 193 xcvi
657 127 977 190 mesomio

259 316 333 362 men
347 293 460 361 falsum
474 314 540 359 esse
561 291 720 359 evidenter
741 294 896 378 probatur
916 288 1040 354 invictis
1054 296 1197 354 veterum
1213 292 1365 358 testim·
1392 296 1402 322 ⁶
1416 335 1422 347 ·

259 382 330 447 niis.
375 383 483 468 Atque
511 380 573 459 hoc
600 401 665 459 non
695 380 863 443 minimum
891 375 1119 440 documentum
1144 396 1212 440 csse
1236 390 1361 463 potest,

257 489 354 554 quum
370 488 435 531 non
450 466 697 550 temere'primae
719 485 827 529 rerum
846 462 944 527 fronti
963 458 1158 525 credendum
1173 463 1225 540 sit,
1242 486 1363 550 quam-

258 575 322 639 que
335 552 426 616 facile
441 553 500 617 sub
515 551 621 615 dolosa
642 551 707 613 veri
728 549 832 634 specie
854 548 960 612 fallere
981 559 1079 633 queat
1092 547 1235 612 occultus
1252 573 1360 629 error,

258 639 414 725 caecisque
430 637 548 701 insidiis
562 657 684 700 securus
699 648 820 698 mentes
834 633 1006 697 subiturus.
1053 632 1117 697 Sed
1140 645 1176 695 ut
1196 634 1290 698 illum
1307 658 1362 700 ur·
1391 685 1400 707 .
1424 632 1429 640 '

258 744 357 812 gnere
370 726 440 809 quis
454 723 561 807 possit,
571 722 660 806 prius
675 723 820 807 quaedaur
833 717 1027 783 observanda
1038 738 1120 782 suut.
1165 721 1293 784 Ducem
1309 743 1361 787 se·

258 831 394 896 quemur
412 809 658 872 eruditissimum
680 807 793 885 virum,
810 827 906 891 quem
927 804 1025 868 modo
1040 806 1170 868 honoris
1184 828 1281 870 causa
1296 829 1359 871 no·

99 995 237 1058 uuaespsu
259 916 460 1045 mllllwgllb
478 979 564 1064 apud
588 978 753 1042 Romanos
776 976 868 1040 librae
892 977 925 1039 iu
950 998 1009 1039 usu
1033 975 1130 1053 fuere,
1156 976 1357 1060 liquidorum
1406 1008 1413 1027 ·

97 1061 366 1141 Bou”libfflbulterm
390 1064 489 1129 altera
512 1065 695 1140 aridorum3
723 1062 778 1127 illu
800 1062 974 1146 pracsertim
1000 1061 1040 1125 ad
1064 1062 1211 1138 moleml,
1229 1063 1301 1129 lucc
1318 1065 1360 1130 ad

96 1126 244 1246 ffluffi
258 1150 386 1236 pondus
399 1172 505 1215 rerum
519 1149 735 1214 definiendum
753 1152 914 1233 usurpata.
960 1147 1052 1211 lllam
1070 1148 1303 1230 appellabimus
1317 1150 1357 1215 li-

96 1254 139 1300 bra
149 1255 236 1315 ponus
261 1240 347 1301 brum
363 1236 563 1312 memoriam,
578 1234 662 1298 hane
677 1234 791 1298 libram
807 1234 924 1317 pondo.
970 1232 1116 1317 Utraque
1133 1234 1164 1297 in
1184 1234 1358 1303 duodecim

258 1322 368 1385 uncias
396 1322 619 1385 dividebatur:
654 1320 820 1404 utriusque
849 1320 953 1384 nucius
987 1319 1020 1381 in
1054 1331 1127 1385 octo
1159 1319 1359 1390 dracbmw.

258 1408 336 1472 Hoc
355 1408 526 1472 discrimen
546 1407 699 1471 librarum
723 1428 822 1492 quum
846 1427 887 1468 ex
906 1388 1038 1469 &annio
1061 1404 1145 1468 clare
1170 1407 1355 1486 adstruitur,

257 1504 331 1560 tunt·
340 1496 500 1580 praecipue
512 1516 553 1558 ex
569 1492 702 1569 Galcno,
719 1492 776 1578 qui
790 1493 904 1576 passim
919 1490 1084 1575 distinguit
1098 1490 1197 1592 uirgas
1210 1498 1354 1581 pergule,

257 1588 296 1645 et·
312 1580 411 1669 λίτραν
434 1583 586 1663 sulpuris,
600 1580 666 1642 imo
687 1590 719 1642 et
740 1600 793 1642 cas
815 1578 898 1640 inter
919 1600 952 1641 se
976 1591 1180 1661 comparavit,
1197 1590 1233 1641 ut
1255 1580 1355 1645 modo

260 1688 467 1752 exponemus.
1338 1688 1353 1697 ··

97 1770 209 1822 usuum
303 1761 348 1818 2⁰.
377 1754 488 1830 Quum
509 1752 668 1817 diversum
689 1752 729 1816 sit
751 1751 948 1814 diversorum
969 1750 1128 1835 liquorum
1146 1749 1283 1834 pondus,
1297 1748 1355 1817 'vas

98 1840 227 1893 mensoria.
260 1839 344 1902 idem
360 1861 399 1903 co
415 1843 568 1927 majorem
589 1839 653 1903 vim
675 1836 770 1922 hujus
792 1837 913 1901 illiusvc
935 1836 1067 1921 liquoris
1088 1837 1199 1920 capiet,
1213 1854 1279 1923 quo
1301 1837 1355 1902 hic

96 1904 237 2011 35¹3}
259 1924 315 1986 illo
338 1925 468 2007 gravior
491 1926 562 1988 erit.
605 1925 715 2009 ltaque
738 1945 885 1988 mensura
907 1923 1071 2007 ejusmodi,
1087 1943 1128 1985 cx
1150 1943 1214 2007 qua
1234 1923 1302 1987 sola
1316 1923 1354 1989 lia

97 2036 122 2073 et
133 1997 227 2095 polum
283 2010 368 2070 noris
379 2009 411 2070 in
428 2031 465 2070 ea
478 2008 620 2070 contenti
634 2008 743 2083 moles,
760 2030 825 2071 non
839 2009 933 2072 etiarn
946 2008 1085 2092 pondus,
1097 2021 1351 2092 cognosceretur,

96 2092 195 2152 ¹iu¹¹⁰¹l³
258 2030 350 2157 docile
364 2105 468 2177 posset
480 2095 514 2156 in
527 2114 669 2159 errorem
684 2093 844 2158 inducere.
890 2092 1074 2178 Utrumque
1088 2094 1259 2178 praestabat
1270 2093 1354 2159 librs'

95 2157 246 2203 ‘mm'
259 2180 438 2249 mensoria:
462 2190 557 2267 atque
571 2179 646 2243 hinc
659 2194 745 2245 recte
763 2192 795 2242 et
809 2181 890 2243 libro
911 2179 1086 2260 dicebatur,
1101 2180 1186 2266 quod
1203 2180 1257 2243 illa
1271 2180 1352 2266 ponss

257 2265 318 2331 dus
342 2266 503 2352 liquorum
526 2267 782 2366 cognoscendum
804 2267 909 2342 dabat,
926 2278 958 2329 et
974 2267 1131 2331 mensorio*
1146 2267 1247 2342 libro,
1265 2260 1351 2352 quod

257 2351 336 2417 illud
350 2354 477 2438 pondus
491 2351 690 2439 expnmcbat
703 2374 762 2437 per
775 2355 930 2416 rationem
946 2351 986 2416 ad
998 2373 1051 2416 rus
1065 2351 1225 2437 quoddam
1241 2350 1352 2417 definiss

258 2449 338 2520 tum,
352 2461 418 2524 quo
432 2441 510 2504 certi
525 2439 687 2526 cujusdam
703 2439 835 2524 liquoris
850 2451 970 2503 certum
983 2438 1107 2522 pondus
1121 2439 1351 2505 continebatur,

94 2543 264 2605 oreumpro:
302 2532 347 2591 3¹.
369 2525 425 2589 Ob
445 2527 587 2590 eamdem
601 2525 690 2589 illam
704 2525 855 2609 ponderis
876 2547 936 2609 pro
956 2524 1116 2611 liquorum
1133 2523 1285 2590 varietate
1300 2548 1351 2591 vu·

95 2608 162 2667 ΡΜ
172 2609 240 2685 ”¹2¹³
259 2612 412 2689 rietatem,
431 2635 527 2675 unum
543 2612 679 2697 aliquem
695 2611 852 2697 liquorem
867 2603 941 2697 eligi
953 2611 1104 2696 oportuit,
1117 2612 1207 2697 cujus
1222 2611 1256 2675 in
1271 2611 1351 2676 libra

95 2684 224 2797 ffissm
258 2699 416 2761 mensoria
428 2698 570 2761 contenti
586 2698 748 2785 cognitum
764 2696 859 2760 semel
871 2697 1000 2782 pondus
1010 2697 1079 2759 usui
1089 2708 1169 2761 esset
1183 2696 1224 2761 ad
1239 2697 1351 2762 deflui·

256 2783 340 2846 enda
354 2796 531 2847 ceterorum
545 2783 717 2868 liquorum,
733 2805 812 2868 quos
833 2783 888 2846 illa
909 2783 990 2847 libra
1011 2784 1184 2860 metiretur,
1200 2783 1350 2866 pondera.

257 2867 378 2930 Vinum
394 2879 426 2930 et
441 2890 524 2951 aqua
538 2869 781 2931 eocommodius
792 2868 975 2932 viderentur
983 2868 1127 2954 eligenda
1140 2868 1245 2945 fuisse,
1261 2870 1350 2955 quod

256 2972 364 3015 eorum
381 2965 412 3016 et
425 2953 581 3015 maximus
595 2965 643 3015 est
656 2975 742 3028 usus,
759 2968 789 3017 et
804 2975 863 3037 par
883 2954 949 3018 fere
966 2956 1000 3017 iu
1021 2955 1090 3038 pari
1107 2954 1191 3018 mole
1211 2956 1348 3038 pondus.

256 3039 304 3102 m
319 3038 472 3103 Romanis
492 3038 597 3103 oleum
619 3038 721 3125 magis
744 3039 875 3123 placuit,
890 3054 923 3104 ct
940 3041 1053 3105 librum
1074 3040 1265 3104 mensorium
1279 3040 1350 3105 oleo

254 3124 383 3210 plenum
398 3126 566 3190 voluerunt
580 3145 725 3188 normam
748 3147 817 3189 esse
835 3128 947 3190 ceteris
968 3126 1143 3212 liquoribus
1158 3127 1349 3192 aestimandis

255 3214 458 3297 propositam.
497 3211 587 3277 Hinc
602 3234 645 3275 sae
669 3233 686 3274 e
701 3209 844 3275 Galenus
859 3213 1004 3277 nominat
1016 3216 1063 3290 riu
1073 3219 1122 3274 τοῦ
1136 3212 1230 3276 ἐλαίου
1246 3227 1349 3276 καλου-

255 3297 336 3379 μένην
350 3300 458 3386 λίτραν,
474 3311 506 3363 et
523 3298 621 3386 pirgos
634 3234 701 3386 οξτδ
724 3296 816 3360 ἔλαιον
835 3305 978 3386 μετροῦσι.
1023 3295 1114 3362 ldem
1136 3297 1297 3386 colligitur
1317 3303 1349 3362 el

255 3405 293 3446 cx
311 3383 444 3447 Fannio.

94 3484 231 3531 timores
298 3471 340 3530 4⁰.
359 3469 566 3533 Pondus-‘olei
577 3468 659 3532 libra
670 3470 825 3532 mensoria
835 3472 974 3534 contenti
989 3493 1022 3534 se
1032 3468 1170 3535 habebut
1179 3467 1221 3533 ud
1236 3468 1349 3535 libram
1437 3522 1443 3539 .

92 3561 236 3659 ἒζῗζᾚῗ,
255 3552 374 3636 Ρθῦῐῖο,
385 3567 421 3617 ut
438 3563 487 3619 10.
503 3553 543 3617 ad
561 3564 612 3620 la.
659 3553 736 3619 Hoc
751 3556 866 3620 diserte
880 3556 973 3621 docet
987 3554 1139 3633 Galenus,
1151 3556 1206 3643 qui
1220 3578 1240 3620 a
1255 3555 1348 3620 sedi·

93 3677 161 3721 uram
172 3690 232 3738 pon-
256 3639 388 3726 ligenter
402 3639 599 3724 exploratum
614 3662 681 3704 esse
695 3641 831 3705 affirmat
852 3642 969 3724 libralis
990 3663 1147 3706 mensurae
1163 3643 1232 3704 oleo
1247 3640 1350 3726 plenas

90 3740 129 3785 uu
254 3724 390 3811 pondus,
407 3739 438 3790 et
452 3725 620 3791 duodecim
636 3726 745 3791 uncias
760 3729 930 3792 mensurius
945 3728 1006 3792 olei
1019 3729 1163 3792 inventas
1177 3748 1245 3790 esse
1259 3747 1348 3811 pares

254 3812 362 3876 decem
380 3812 478 3877 unciis
489 3814 605 3897 pondo.
652 3813 720 3876 Nec
734 3815 840 3878 minus
865 3814 950 3878 clare
970 3814 1003 3877 id
1026 3815 1163 3897 probant
1185 3813 1303 3877 Galeni
1317 3825 1347 3878 et

255 3897 370 3964 Fannii
387 3900 501 3964 collata
516 3902 597 3963 inter
611 3920 644 3961 se
658 3898 699 3961 de
714 3900 829 3984 cyatho
844 3901 1032 3964 testimonia„
1079 3898 1206 3963 Galeuo
1221 3909 1348 3964 auctore

285 4017 400 4068 bMoum
410 4027 462 4067 tota
471 4022 517 4068 hec
531 4021 557 4067 in
568 4019 729 4082 disputatione
745 4021 783 4066 in·
845 4019 979 4068 ‘Droclrma
987 4019 1101 4068 Graecum
1112 4022 1143 4067 ab
1154 4020 1247 4082 origine
1259 3997 1350 4068 nomen

253 4084 394 4144 telligimus,
415 4099 464 4131 non
483 4083 558 4145 quum
580 4085 676 4146 Physici
697 4084 783 4131 dlcunt
814 4085 1345 4145 est,sedquouexasuduouraecommeuu

251 4160 359 4202 meum.
371 4152 413 4196 sad
428 4150 623 4209 amplitudinem.
634 4148 782 4208 magnumui-
815 4149 932 4195 Romsnis
953 4149 1107 4204 commercio,
1126 4149 1153 4194 in
1171 4148 1344 4208 pervulgatum

252 4211 783 4272 mumurqusquouunltcedtumm
804 4211 1236 4274 ‘mmspudncnuoetrmuerla

251 4270 522 4336 kmtsmcswrps.
1297 4291 1301 4298 ·
