<?xml version="1.0" encoding="UTF-8"?>
<!DOCTYPE html PUBLIC "-//W3C//DTD XHTML 1.0 Transitional//EN"
    "http://www.w3.org/TR/xhtml1/DTD/xhtml1-transitional.dtd">
<html xmlns="http://www.w3.org/1999/xhtml" xml:lang="en" lang="en">
 <head>
  <title>
</title>
<meta http-equiv="Content-Type" content="text/html;charset=utf-8" />
  <meta name='ocr-system' content='tesseract 3.04.00' />
  <meta name='ocr-capabilities' content='ocr_page ocr_carea ocr_par ocr_line ocrx_word'/>
</head>
<body>
  <div class='ocr_page' id='page_1' title='image "./tliviipatavinih05crevgoog/tliviipatavinih05crevgoog_0160.png"; bbox 0 0 2942 4750; ppageno 0'>
   <div class='ocr_carea' id='block_1_1' title="bbox 135 168 1454 3338">
    <p class='ocr_par' dir='ltr' id='par_1_1' title="bbox 305 168 966 238">
     <span class='ocr_line' id='line_1_1' title="bbox 305 168 966 238; baseline -0.011 -1"><span class='ocrx_word' id='word_1_1' title='bbox 305 180 362 238; x_wconf 75' lang='lat'>154</span> <span class='ocrx_word' id='word_1_2' title='bbox 702 168 808 234; x_wconf 75' lang='lat' dir='ltr'>Tl&#39;l’l</span> <span class='ocrx_word' id='word_1_3' title='bbox 833 169 966 232; x_wconf 75' lang='lat' dir='ltr'>n1v11</span> 
     </span>
    </p>

    <p class='ocr_par' dir='ltr' id='par_1_2' title="bbox 135 332 1454 420">
     <span class='ocr_line' id='line_1_2' title="bbox 135 332 1454 420; baseline -0.006 -12"><span class='ocrx_word' id='word_1_4' title='bbox 135 359 167 408; x_wconf 80' lang='lat' dir='ltr'>ti.</span> <span class='ocrx_word' id='word_1_5' title='bbox 178 355 274 408; x_wconf 52' lang='lat' dir='ltr'>cast»</span> <span class='ocrx_word' id='word_1_6' title='bbox 301 338 406 406; x_wconf 86' lang='lat' dir='ltr'>miuus</span> <span class='ocrx_word' id='word_1_7' title='bbox 420 334 533 404; x_wconf 69' lang='lat' dir='ltr'>iecere</span> <span class='ocrx_word' id='word_1_8' title='bbox 562 334 714 402; x_wconf 75' lang='lat' dir='ltr'>clamores</span> <span class='ocrx_word' id='word_1_9' title='bbox 729 332 1002 404; x_wconf 71' lang='lat' dir='ltr'>deindedissonos</span> <span class='ocrx_word' id='word_1_10' title='bbox 1017 332 1093 402; x_wconf 87' lang='lat' dir='ltr'>oriri</span> <span class='ocrx_word' id='word_1_11' title='bbox 1108 333 1260 420; x_wconf 85' lang='lat' dir='ltr'>omnibus</span> <span class='ocrx_word' id='word_1_12' title='bbox 1278 335 1371 413; x_wconf 68' lang='lat' dir='ltr'>locis,</span> <span class='ocrx_word' id='word_1_13' title='bbox 1409 380 1454 404; x_wconf 76' lang='grc'>.-</span> 
     </span>
    </p>

    <p class='ocr_par' dir='ltr' id='par_1_3' title="bbox 136 418 1411 853">
     <span class='ocr_line' id='line_1_3' title="bbox 136 418 1411 574; baseline -0.002 -84"><span class='ocrx_word' id='word_1_14' title='bbox 136 424 205 474; x_wconf 51' lang='lat' dir='ltr'>&amp;st</span> <span class='ocrx_word' id='word_1_15' title='bbox 218 422 272 473; x_wconf 59' lang='lat'>¹⁶⁸</span> <span class='ocrx_word' id='word_1_16' title='bbox 293 436 332 493; x_wconf 73' lang='lat' dir='ltr'>,et</span> <span class='ocrx_word' id='word_1_17' title='bbox 354 424 441 507; x_wconf 88' lang='lat' dir='ltr'>prius</span> <span class='ocrx_word' id='word_1_18' title='bbox 464 423 579 497; x_wconf 86' lang='lat' dir='ltr'>hostes,</span> <span class='ocrx_word' id='word_1_19' title='bbox 603 441 698 505; x_wconf 76' lang='lat' dir='ltr'>quum</span> <span class='ocrx_word' id='word_1_20' title='bbox 720 418 817 503; x_wconf 86' lang='lat' dir='ltr'>ipsos,</span> <span class='ocrx_word' id='word_1_21' title='bbox 839 418 916 504; x_wconf 89' lang='lat' dir='ltr'>quid</span> <span class='ocrx_word' id='word_1_22' title='bbox 937 432 1080 502; x_wconf 83' lang='lat' dir='ltr'>peretur,</span> <span class='ocrx_word' id='word_1_23' title='bbox 1101 420 1191 485; x_wconf 86' lang='lat' dir='ltr'>scire.</span> <span class='ocrx_word' id='word_1_24' title='bbox 1235 421 1337 574; x_wconf 52' lang='lat' dir='ltr'>Plffi</span> <span class='ocrx_word' id='word_1_25' title='bbox 1351 419 1411 484; x_wconf 50' lang='grc' dir='ltr'>η’</span> 
     </span>
     <span class='ocr_line' id='line_1_4' title="bbox 298 504 1375 595; baseline 0 -21"><span class='ocrx_word' id='word_1_26' title='bbox 298 510 407 595; x_wconf 84' lang='lat' dir='ltr'>igitur,</span> <span class='ocrx_word' id='word_1_27' title='bbox 430 509 593 572; x_wconf 85' lang='lat' dir='ltr'>tribunum</span> <span class='ocrx_word' id='word_1_28' title='bbox 620 505 756 580; x_wconf 75' lang='lat' dir='ltr'>rnilitum</span> <span class='ocrx_word' id='word_1_29' title='bbox 772 506 907 589; x_wconf 76' lang='lat' dir='ltr'>“primo</span> <span class='ocrx_word' id='word_1_30' title='bbox 934 504 998 588; x_wconf 90' lang='lat' dir='ltr'>pilo</span> <span class='ocrx_word' id='word_1_31' title='bbox 1024 505 1157 591; x_wconf 82' lang='lat' dir='ltr'>legionis</span> <span class='ocrx_word' id='word_1_32' title='bbox 1178 509 1278 574; x_wconf 74' lang='lat' dir='ltr'>&#39;‘secr</span> <span class='ocrx_word' id='word_1_33' title='bbox 1338 509 1375 574; x_wconf 84' lang='lat' dir='ltr'>m</span> 
     </span>
     <span class='ocr_line' id='line_1_5' title="bbox 295 590 1372 677; baseline 0 -19"><span class='ocrx_word' id='word_1_34' title='bbox 295 596 392 664; x_wconf 87' lang='lat' dir='ltr'>edere</span> <span class='ocrx_word' id='word_1_35' title='bbox 406 595 595 677; x_wconf 81' lang='lat' dir='ltr'>imperium:</span> <span class='ocrx_word' id='word_1_36' title='bbox 618 592 720 668; x_wconf 92' lang='lat' dir='ltr'>illum,</span> <span class='ocrx_word' id='word_1_37' title='bbox 735 603 768 654; x_wconf 89' lang='lat' dir='ltr'>et</span> <span class='ocrx_word' id='word_1_38' title='bbox 781 590 853 655; x_wconf 89' lang='lat' dir='ltr'>dein</span> <span class='ocrx_word' id='word_1_39' title='bbox 870 591 1022 677; x_wconf 88' lang='lat' dir='ltr'>singulos,</span> <span class='ocrx_word' id='word_1_40' title='bbox 1039 593 1187 675; x_wconf 82' lang='lat' dir='ltr'>proximo</span> <span class='ocrx_word' id='word_1_41' title='bbox 1202 593 1320 677; x_wconf 90' lang='lat' dir='ltr'>cuique</span> <span class='ocrx_word' id='word_1_42' title='bbox 1333 597 1372 658; x_wconf 87' lang='lat' dir='ltr'>in</span> 
     </span>
     <span class='ocr_line' id='line_1_6' title="bbox 296 675 1375 762; baseline -0.003 -16"><span class='ocrx_word' id='word_1_43' title='bbox 296 681 410 746; x_wconf 77' lang='lat' dir='ltr'>ordine</span> <span class='ocrx_word' id='word_1_44' title='bbox 425 678 605 742; x_wconf 90' lang='lat' dir='ltr'>centurioni</span> <span class='ocrx_word' id='word_1_45' title='bbox 621 677 738 754; x_wconf 82' lang='lat' dir='ltr'>dicere,</span> <span class='ocrx_word' id='word_1_46' title='bbox 753 678 828 762; x_wconf 94' lang='lat' dir='ltr'>quid</span> <span class='ocrx_word' id='word_1_47' title='bbox 846 698 926 759; x_wconf 87' lang='lat' dir='ltr'>opus</span> <span class='ocrx_word' id='word_1_48' title='bbox 945 675 1029 744; x_wconf 79' lang='lat' dir='ltr'>facto</span> <span class='ocrx_word' id='word_1_49' title='bbox 1044 678 1103 755; x_wconf 90' lang='lat' dir='ltr'>sit;</span> <span class='ocrx_word' id='word_1_50' title='bbox 1127 679 1193 742; x_wconf 81' lang='lat' dir='ltr'>sire</span> <span class='ocrx_word' id='word_1_51' title='bbox 1214 702 1233 742; x_wconf 85' lang='lat' dir='ltr'>o</span> <span class='ocrx_word' id='word_1_52' title='bbox 1256 680 1375 760; x_wconf 88' lang='lat' dir='ltr'>primis</span> 
     </span>
     <span class='ocr_line' id='line_1_7' title="bbox 294 762 1376 853; baseline 0.001 -26"><span class='ocrx_word' id='word_1_53' title='bbox 294 766 396 853; x_wconf 83' lang='lat' dir='ltr'>signis</span> <span class='ocrx_word' id='word_1_54' title='bbox 418 764 460 828; x_wconf 86' lang='lat' dir='ltr'>nd</span> <span class='ocrx_word' id='word_1_55' title='bbox 486 763 692 828; x_wconf 83' lang='lat' dir='ltr'>novissimum</span> <span class='ocrx_word' id='word_1_56' title='bbox 714 784 839 848; x_wconf 76' lang='lat' dir='ltr'>agmen,</span> <span class='ocrx_word' id='word_1_57' title='bbox 862 762 926 827; x_wconf 86' lang='lat' dir='ltr'>sive</span> <span class='ocrx_word' id='word_1_58' title='bbox 948 763 989 826; x_wconf 84' lang='lat' dir='ltr'>ub</span> <span class='ocrx_word' id='word_1_59' title='bbox 1012 765 1158 830; x_wconf 77' lang='lat' dir='ltr'>extremis</span> <span class='ocrx_word' id='word_1_60' title='bbox 1183 764 1223 832; x_wconf 84' lang='lat' dir='ltr'>ud</span> <span class='ocrx_word' id='word_1_61' title='bbox 1246 764 1376 848; x_wconf 86' lang='lat' dir='ltr'>primos</span> 
     </span>
    </p>

    <p class='ocr_par' dir='ltr' id='par_1_4' title="bbox 140 848 1454 1453">
     <span class='ocr_line' id='line_1_8' title="bbox 140 848 1373 937; baseline 0.001 -23"><span class='ocrx_word' id='word_1_62' title='bbox 140 869 244 931; x_wconf 63' lang='lat' dir='ltr'>vigne</span> <span class='ocrx_word' id='word_1_63' title='bbox 297 849 520 937; x_wconf 82' lang='lat' dir='ltr'>perferendum</span> <span class='ocrx_word' id='word_1_64' title='bbox 536 849 704 935; x_wconf 86' lang='lat' dir='ltr'>imperium</span> <span class='ocrx_word' id='word_1_65' title='bbox 715 851 767 916; x_wconf 86' lang='lat' dir='ltr'>sit.</span> <span class='ocrx_word' id='word_1_66' title='bbox 798 848 918 932; x_wconf 84' lang='lat' dir='ltr'>Vigiles</span> <span class='ocrx_word' id='word_1_67' title='bbox 933 851 1026 916; x_wconf 86' lang='lat' dir='ltr'>etiem</span> <span class='ocrx_word' id='word_1_68' title='bbox 1044 871 1126 912; x_wconf 82' lang='lat' dir='ltr'>novo</span> <span class='ocrx_word' id='word_1_69' title='bbox 1137 871 1226 911; x_wconf 86' lang='lat' dir='ltr'>more</span> <span class='ocrx_word' id='word_1_70' title='bbox 1240 863 1373 916; x_wconf 84' lang='lat' dir='ltr'>scutum</span> 
     </span>
     <span class='ocr_line' id='line_1_9' title="bbox 297 934 1370 1021; baseline -0.004 -18"><span class='ocrx_word' id='word_1_71' title='bbox 297 936 486 1018; x_wconf 81' lang='lat' dir='ltr'>invigiliam</span> <span class='ocrx_word' id='word_1_72' title='bbox 507 934 589 1001; x_wconf 86' lang='lat' dir='ltr'>ferre</span> <span class='ocrx_word' id='word_1_73' title='bbox 612 936 728 1000; x_wconf 88' lang='lat' dir='ltr'>vetuit:</span> <span class='ocrx_word' id='word_1_74' title='bbox 752 937 922 998; x_wconf 90' lang='lat' dir='ltr'>nonenim</span> <span class='ocrx_word' id='word_1_75' title='bbox 946 936 1136 1021; x_wconf 73' lang='lat' dir='ltr'>inpugnant</span> <span class='ocrx_word' id='word_1_76' title='bbox 1158 935 1286 1021; x_wconf 80' lang='lat' dir='ltr'>vigilem</span> <span class='ocrx_word' id='word_1_77' title='bbox 1309 938 1370 1014; x_wconf 87' lang='lat' dir='ltr'>ire,</span> 
     </span>
     <span class='ocr_line' id='line_1_10' title="bbox 297 1019 1374 1106; baseline -0.003 -18"><span class='ocrx_word' id='word_1_78' title='bbox 297 1035 337 1088; x_wconf 87' lang='lat' dir='ltr'>ut</span> <span class='ocrx_word' id='word_1_79' title='bbox 349 1022 446 1088; x_wconf 81' lang='lat' dir='ltr'>ermis</span> <span class='ocrx_word' id='word_1_80' title='bbox 464 1034 580 1100; x_wconf 87' lang='lat' dir='ltr'>ututur,</span> <span class='ocrx_word' id='word_1_81' title='bbox 595 1021 649 1084; x_wconf 87' lang='lat' dir='ltr'>sed</span> <span class='ocrx_word' id='word_1_82' title='bbox 665 1023 703 1084; x_wconf 84' lang='lat' dir='ltr'>ad</span> <span class='ocrx_word' id='word_1_83' title='bbox 718 1019 927 1106; x_wconf 80' lang='lat' dir='ltr'>vigilandum,</span> <span class='ocrx_word' id='word_1_84' title='bbox 945 1034 988 1095; x_wconf 90' lang='lat' dir='ltr'>nt,</span> <span class='ocrx_word' id='word_1_85' title='bbox 1005 1043 1103 1104; x_wconf 89' lang='lat' dir='ltr'>quum</span> <span class='ocrx_word' id='word_1_86' title='bbox 1122 1023 1253 1088; x_wconf 73' lang='lat' dir='ltr'>senserit</span> <span class='ocrx_word' id='word_1_87' title='bbox 1267 1020 1374 1087; x_wconf 87' lang='lat' dir='ltr'>hosti·</span> 
     </span>
     <span class='ocr_line' id='line_1_11' title="bbox 300 1106 1374 1190; baseline -0.001 -17"><span class='ocrx_word' id='word_1_88' title='bbox 300 1130 358 1173; x_wconf 86' lang='lat' dir='ltr'>um</span> <span class='ocrx_word' id='word_1_89' title='bbox 369 1107 551 1185; x_wconf 73' lang='lat' dir='ltr'>adventum,</span> <span class='ocrx_word' id='word_1_90' title='bbox 566 1107 699 1190; x_wconf 83' lang='lat' dir='ltr'>recipiat</span> <span class='ocrx_word' id='word_1_91' title='bbox 710 1129 753 1182; x_wconf 90' lang='lat' dir='ltr'>se,</span> <span class='ocrx_word' id='word_1_92' title='bbox 769 1106 948 1189; x_wconf 82' lang='lat' dir='ltr'>excitetque</span> <span class='ocrx_word' id='word_1_93' title='bbox 962 1106 1003 1169; x_wconf 86' lang='lat' dir='ltr'>nd</span> <span class='ocrx_word' id='word_1_94' title='bbox 1017 1129 1106 1169; x_wconf 81' lang='lat' dir='ltr'>arina</span> <span class='ocrx_word' id='word_1_95' title='bbox 1120 1108 1208 1171; x_wconf 87' lang='lat' dir='ltr'>alios.</span> <span class='ocrx_word' id='word_1_96' title='bbox 1235 1109 1256 1138; x_wconf 77' lang='lat'>⁸⁶</span> <span class='ocrx_word' id='word_1_97' title='bbox 1267 1109 1374 1172; x_wconf 86' lang='lat' dir='ltr'>Scuto</span> 
     </span>
     <span class='ocr_line' id='line_1_12' title="bbox 298 1191 1374 1278; baseline -0.001 -20"><span class='ocrx_word' id='word_1_98' title='bbox 298 1216 368 1278; x_wconf 83' lang='lat' dir='ltr'>prae</span> <span class='ocrx_word' id='word_1_99' title='bbox 382 1217 417 1258; x_wconf 87' lang='lat' dir='ltr'>se</span> <span class='ocrx_word' id='word_1_100' title='bbox 430 1207 537 1258; x_wconf 86' lang='lat' dir='ltr'>erecto</span> <span class='ocrx_word' id='word_1_101' title='bbox 557 1207 641 1258; x_wconf 80' lang='lat' dir='ltr'>sture</span> <span class='ocrx_word' id='word_1_102' title='bbox 654 1195 814 1278; x_wconf 81' lang='lat' dir='ltr'>geleatos:</span> <span class='ocrx_word' id='word_1_103' title='bbox 837 1191 977 1254; x_wconf 69' lang='lat' dir='ltr'>deiudel&#39;</span> <span class='ocrx_word' id='word_1_104' title='bbox 997 1192 1052 1255; x_wconf 91' lang='lat' dir='ltr'>ubi</span> <span class='ocrx_word' id='word_1_105' title='bbox 1071 1193 1141 1258; x_wconf 88' lang='lat' dir='ltr'>fessi</span> <span class='ocrx_word' id='word_1_106' title='bbox 1158 1193 1230 1268; x_wconf 89' lang='lat' dir='ltr'>siut,</span> <span class='ocrx_word' id='word_1_107' title='bbox 1247 1192 1374 1258; x_wconf 86' lang='lat' dir='ltr'>inuisos</span> 
     </span>
     <span class='ocr_line' id='line_1_13' title="bbox 299 1278 1374 1367; baseline -0.001 -23"><span class='ocrx_word' id='word_1_108' title='bbox 299 1280 377 1364; x_wconf 89' lang='lat' dir='ltr'>pilo,</span> <span class='ocrx_word' id='word_1_109' title='bbox 393 1282 498 1364; x_wconf 82' lang='lat' dir='ltr'>cupite</span> <span class='ocrx_word' id='word_1_110' title='bbox 515 1302 609 1367; x_wconf 87' lang='lat' dir='ltr'>super</span> <span class='ocrx_word' id='word_1_111' title='bbox 629 1279 804 1362; x_wconf 74' lang='lat' dir='ltr'>marginem</span> <span class='ocrx_word' id='word_1_112' title='bbox 827 1278 906 1342; x_wconf 87' lang='lat' dir='ltr'>scuti</span> <span class='ocrx_word' id='word_1_113' title='bbox 929 1278 1044 1360; x_wconf 88' lang='lat' dir='ltr'>posito,</span> <span class='ocrx_word' id='word_1_114' title='bbox 1064 1280 1181 1361; x_wconf 84' lang='lat' dir='ltr'>sopitos</span> <span class='ocrx_word' id='word_1_115' title='bbox 1203 1293 1306 1343; x_wconf 83' lang='lat' dir='ltr'>sture:</span> <span class='ocrx_word' id='word_1_116' title='bbox 1331 1294 1374 1343; x_wconf 87' lang='lat' dir='ltr'>ut</span> 
     </span>
     <span class='ocr_line' id='line_1_14' title="bbox 299 1363 1374 1453; baseline -0.001 -24"><span class='ocrx_word' id='word_1_117' title='bbox 299 1365 493 1453; x_wconf 78' lang='lat' dir='ltr'>fulgentibus</span> <span class='ocrx_word' id='word_1_118' title='bbox 503 1367 598 1431; x_wconf 87' lang='lat' dir='ltr'>srmis</span> <span class='ocrx_word' id='word_1_119' title='bbox 609 1363 720 1448; x_wconf 89' lang='lat' dir='ltr'>procul</span> <span class='ocrx_word' id='word_1_120' title='bbox 732 1364 896 1447; x_wconf 75' lang='lat' dir='ltr'>⁸⁷conspici</span> <span class='ocrx_word' id='word_1_121' title='bbox 910 1363 951 1426; x_wconf 81' lang='lat' dir='ltr'>ab</span> <span class='ocrx_word' id='word_1_122' title='bbox 967 1363 1057 1427; x_wconf 91' lang='lat' dir='ltr'>hoste</span> <span class='ocrx_word' id='word_1_123' title='bbox 1070 1366 1203 1448; x_wconf 78' lang='lat' dir='ltr'>possint,</span> <span class='ocrx_word' id='word_1_124' title='bbox 1215 1365 1275 1448; x_wconf 93' lang='lat' dir='ltr'>ipsi</span> <span class='ocrx_word' id='word_1_125' title='bbox 1287 1363 1374 1428; x_wconf 89' lang='lat' dir='ltr'>nihil</span> 
     </span>
    </p>

    <p class='ocr_par' dir='ltr' id='par_1_5' title="bbox 142 1450 1372 1962">
     <span class='ocr_line' id='line_1_15' title="bbox 142 1450 1370 1537; baseline 0.002 -25"><span class='ocrx_word' id='word_1_126' title='bbox 142 1466 267 1514; x_wconf 73' lang='lat' dir='ltr'>sectiones</span> <span class='ocrx_word' id='word_1_127' title='bbox 300 1453 499 1537; x_wconf 82' lang='lat' dir='ltr'>provideant.</span> <span class='ocrx_word' id='word_1_128' title='bbox 552 1452 732 1516; x_wconf 72' lang='lat' dir='ltr'>Stationum</span> <span class='ocrx_word' id='word_1_129' title='bbox 760 1472 888 1534; x_wconf 86' lang='lat' dir='ltr'>quoque</span> <span class='ocrx_word' id='word_1_130' title='bbox 916 1471 1037 1516; x_wconf 89' lang='lat' dir='ltr'>morem</span> <span class='ocrx_word' id='word_1_131' title='bbox 1070 1450 1212 1516; x_wconf 81' lang='lat' dir='ltr'>mutavit.</span> <span class='ocrx_word' id='word_1_132' title='bbox 1251 1453 1370 1515; x_wconf 80' lang='lat' dir='ltr'>armati</span> 
     </span>
     <span class='ocr_line' id='line_1_16' title="bbox 296 1534 1372 1622; baseline -0.004 -18"><span class='ocrx_word' id='word_1_133' title='bbox 296 1560 421 1615; x_wconf 68' lang='lat' dir='ltr'>munes,</span> <span class='ocrx_word' id='word_1_134' title='bbox 433 1541 612 1602; x_wconf 82' lang='lat' dir='ltr'>etsrenatis</span> <span class='ocrx_word' id='word_1_135' title='bbox 630 1538 719 1622; x_wconf 86' lang='lat' dir='ltr'>equis</span> <span class='ocrx_word' id='word_1_136' title='bbox 731 1537 861 1621; x_wconf 88' lang='lat' dir='ltr'>equites,</span> <span class='ocrx_word' id='word_1_137' title='bbox 884 1535 968 1598; x_wconf 88' lang='lat' dir='ltr'>diem</span> <span class='ocrx_word' id='word_1_138' title='bbox 984 1548 1085 1599; x_wconf 85' lang='lat' dir='ltr'>toturn</span> <span class='ocrx_word' id='word_1_139' title='bbox 1106 1534 1297 1619; x_wconf 80' lang='lat' dir='ltr'>perstabunt.</span> <span class='ocrx_word' id='word_1_140' title='bbox 1327 1538 1372 1612; x_wconf 69' lang='lat' dir='ltr'>‚id</span> 
     </span>
     <span class='ocr_line' id='line_1_17' title="bbox 302 1621 1371 1709; baseline -0.001 -22"><span class='ocrx_word' id='word_1_141' title='bbox 302 1646 401 1709; x_wconf 89' lang='lat' dir='ltr'>quum</span> <span class='ocrx_word' id='word_1_142' title='bbox 424 1623 542 1687; x_wconf 80' lang='lat' dir='ltr'>aestivis</span> <span class='ocrx_word' id='word_1_143' title='bbox 564 1622 688 1701; x_wconf 89' lang='lat' dir='ltr'>dicbus,</span> <span class='ocrx_word' id='word_1_144' title='bbox 704 1635 814 1686; x_wconf 90' lang='lat' dir='ltr'>urente</span> <span class='ocrx_word' id='word_1_145' title='bbox 836 1621 960 1686; x_wconf 76' lang='lat' dir='ltr'>assiduo</span> <span class='ocrx_word' id='word_1_146' title='bbox 981 1624 1056 1697; x_wconf 88' lang='lat' dir='ltr'>sole,</span> <span class='ocrx_word' id='word_1_147' title='bbox 1080 1622 1181 1699; x_wconf 88' lang='lat' dir='ltr'>fieret,</span> <span class='ocrx_word' id='word_1_148' title='bbox 1205 1635 1252 1685; x_wconf 91' lang='lat' dir='ltr'>tot</span> <span class='ocrx_word' id='word_1_149' title='bbox 1273 1621 1371 1686; x_wconf 80' lang='lat' dir='ltr'>horu·</span> 
     </span>
     <span class='ocr_line' id='line_1_18' title="bbox 301 1706 1372 1793; baseline -0.003 -20"><span class='ocrx_word' id='word_1_150' title='bbox 301 1731 374 1773; x_wconf 88' lang='lat' dir='ltr'>rum</span> <span class='ocrx_word' id='word_1_151' title='bbox 396 1723 474 1773; x_wconf 81' lang='lat' dir='ltr'>oestu</span> <span class='ocrx_word' id='word_1_152' title='bbox 499 1722 531 1772; x_wconf 90' lang='lat' dir='ltr'>ct</span> <span class='ocrx_word' id='word_1_153' title='bbox 551 1708 704 1793; x_wconf 80' lang='lat' dir='ltr'>languore</span> <span class='ocrx_word' id='word_1_154' title='bbox 725 1709 809 1792; x_wconf 90' lang='lat' dir='ltr'>ipsos</span> <span class='ocrx_word' id='word_1_155' title='bbox 835 1729 994 1792; x_wconf 89' lang='lat' dir='ltr'>equosque</span> <span class='ocrx_word' id='word_1_156' title='bbox 1018 1706 1114 1770; x_wconf 82' lang='lat' dir='ltr'>fessos</span> <span class='ocrx_word' id='word_1_157' title='bbox 1136 1709 1251 1793; x_wconf 84' lang='lat' dir='ltr'>integri</span> <span class='ocrx_word' id='word_1_158' title='bbox 1281 1729 1372 1792; x_wconf 78' lang='lat' dir='ltr'>stepo</span> 
     </span>
     <span class='ocr_line' id='line_1_19' title="bbox 302 1792 1370 1877; baseline -0.003 -17"><span class='ocrx_word' id='word_1_159' title='bbox 302 1795 406 1859; x_wconf 87' lang='lat' dir='ltr'>ndorti</span> <span class='ocrx_word' id='word_1_160' title='bbox 420 1795 536 1871; x_wconf 86' lang='lat' dir='ltr'>hostes,</span> <span class='ocrx_word' id='word_1_161' title='bbox 552 1794 601 1856; x_wconf 82' lang='lat' dir='ltr'>vel</span> <span class='ocrx_word' id='word_1_162' title='bbox 616 1794 709 1877; x_wconf 89' lang='lat' dir='ltr'>pnuci</span> <span class='ocrx_word' id='word_1_163' title='bbox 721 1796 828 1876; x_wconf 88' lang='lat' dir='ltr'>plures</span> <span class='ocrx_word' id='word_1_164' title='bbox 844 1792 1011 1855; x_wconf 82' lang='lat' dir='ltr'>vexabunt.</span> <span class='ocrx_word' id='word_1_165' title='bbox 1034 1793 1139 1877; x_wconf 87' lang='lat' dir='ltr'>itaque</span> <span class='ocrx_word' id='word_1_166' title='bbox 1154 1815 1193 1856; x_wconf 83' lang='lat' dir='ltr'>es</span> <span class='ocrx_word' id='word_1_167' title='bbox 1209 1792 1370 1857; x_wconf 79' lang='lat' dir='ltr'>matutino</span> 
     </span>
     <span class='ocr_line' id='line_1_20' title="bbox 301 1876 1370 1962; baseline -0.002 -18"><span class='ocrx_word' id='word_1_168' title='bbox 301 1882 438 1944; x_wconf 79' lang='lat' dir='ltr'>statione</span> <span class='ocrx_word' id='word_1_169' title='bbox 451 1882 491 1944; x_wconf 86' lang='lat' dir='ltr'>nd</span> <span class='ocrx_word' id='word_1_170' title='bbox 506 1878 671 1943; x_wconf 88' lang='lat' dir='ltr'>meridiem</span> <span class='ocrx_word' id='word_1_171' title='bbox 680 1878 799 1954; x_wconf 89' lang='lat' dir='ltr'>decedi,</span> <span class='ocrx_word' id='word_1_172' title='bbox 815 1892 846 1940; x_wconf 92' lang='lat' dir='ltr'>et</span> <span class='ocrx_word' id='word_1_173' title='bbox 861 1879 893 1939; x_wconf 92' lang='lat' dir='ltr'>in</span> <span class='ocrx_word' id='word_1_174' title='bbox 908 1878 1186 1962; x_wconf 81' lang='lat' dir='ltr'>postmeridianam</span> <span class='ocrx_word' id='word_1_175' title='bbox 1201 1876 1370 1942; x_wconf 86' lang='lat' dir='ltr'>succedere</span> 
     </span>
    </p>

    <p class='ocr_par' dir='ltr' id='par_1_6' title="bbox 199 1962 1370 2116">
     <span class='ocr_line' id='line_1_21' title="bbox 199 1962 1370 2076; baseline -0.001 -47"><span class='ocrx_word' id='word_1_176' title='bbox 199 1976 202 1981; x_wconf 84' lang='lat'>&#39;</span> <span class='ocrx_word' id='word_1_177' title='bbox 301 1965 381 2029; x_wconf 82' lang='lat' dir='ltr'>ulios</span> <span class='ocrx_word' id='word_1_178' title='bbox 400 1967 512 2051; x_wconf 87' lang='lat' dir='ltr'>jussit:</span> <span class='ocrx_word' id='word_1_179' title='bbox 542 1966 586 2030; x_wconf 85' lang='lat' dir='ltr'>ita</span> <span class='ocrx_word' id='word_1_180' title='bbox 607 1985 783 2048; x_wconf 78' lang='lat' dir='ltr'>numquam</span> <span class='ocrx_word' id='word_1_181' title='bbox 812 1962 959 2050; x_wconf 81' lang='lat' dir='ltr'>fatigatos</span> <span class='ocrx_word' id='word_1_182' title='bbox 981 1986 1089 2027; x_wconf 88' lang='lat' dir='ltr'>recens</span> <span class='ocrx_word' id='word_1_183' title='bbox 1114 1964 1213 2076; x_wconf 74' lang='lat' dir='ltr'>hqstis</span> <span class='ocrx_word' id='word_1_184' title='bbox 1236 1963 1370 2050; x_wconf 81' lang='lat' dir='ltr'>adgredi</span> 
     </span>
     <span class='ocr_line' id='line_1_22' title="bbox 347 2063 436 2116; baseline 0.022 -2"><span class='ocrx_word' id='word_1_185' title='bbox 347 2063 436 2116; x_wconf 82' lang='lat' dir='ltr'>terat.</span> 
     </span>
    </p>

    <p class='ocr_par' dir='ltr' id='par_1_7' title="bbox 301 2072 1454 2308">
     <span class='ocr_line' id='line_1_23' title="bbox 301 2072 1370 2221; baseline 0.001 -22"><span class='ocrx_word' id='word_1_186' title='bbox 301 2072 507 2200; x_wconf 75' lang='lat' dir='ltr'>poXXXIV.</span> <span class='ocrx_word' id='word_1_187' title='bbox 533 2136 618 2200; x_wconf 82' lang='lat' dir='ltr'>Haec</span> <span class='ocrx_word' id='word_1_188' title='bbox 633 2158 731 2221; x_wconf 91' lang='lat' dir='ltr'>quum</span> <span class='ocrx_word' id='word_1_189' title='bbox 747 2135 792 2198; x_wconf 83' lang='lat' dir='ltr'>its</span> <span class='ocrx_word' id='word_1_190' title='bbox 806 2134 875 2197; x_wconf 88' lang='lat' dir='ltr'>fieri</span> <span class='ocrx_word' id='word_1_191' title='bbox 889 2134 1024 2218; x_wconf 77' lang='lat' dir='ltr'>placere,</span> <span class='ocrx_word' id='word_1_192' title='bbox 1041 2136 1193 2200; x_wconf 85' lang='lat' dir='ltr'>concione</span> <span class='ocrx_word' id='word_1_193' title='bbox 1203 2135 1370 2217; x_wconf 76' lang='lat' dir='ltr'>advocate,</span> 
     </span>
     <span class='ocr_line' id='line_1_24' title="bbox 302 2220 1454 2308; baseline 0.001 -24"><span class='ocrx_word' id='word_1_194' title='bbox 302 2224 551 2307; x_wconf 78' lang='lat' dir='ltr'>pronunciasset,</span> <span class='ocrx_word' id='word_1_195' title='bbox 577 2221 692 2308; x_wconf 78' lang='lat' dir='ltr'>adjecit</span> <span class='ocrx_word' id='word_1_196' title='bbox 712 2220 845 2285; x_wconf 85' lang='lat' dir='ltr'>urbnnae</span> <span class='ocrx_word' id='word_1_197' title='bbox 867 2221 1014 2284; x_wconf 91' lang='lat' dir='ltr'>concioni</span> <span class='ocrx_word' id='word_1_198' title='bbox 1036 2222 1274 2285; x_wconf 87' lang='lat' dir='ltr'>convenientem</span> <span class='ocrx_word' id='word_1_199' title='bbox 1296 2244 1370 2286; x_wconf 85' lang='lat' dir='ltr'>ore·</span> <span class='ocrx_word' id='word_1_200' title='bbox 1451 2269 1454 2285; x_wconf 90' lang='lat'><em>.</em></span> 
     </span>
    </p>

    <p class='ocr_par' dir='ltr' id='par_1_8' title="bbox 140 2309 1368 2394">
     <span class='ocr_line' id='line_1_25' title="bbox 140 2309 1368 2394; baseline 0.003 -26"><span class='ocrx_word' id='word_1_201' title='bbox 140 2321 222 2368; x_wconf 71' lang='lat' dir='ltr'>omno</span> <span class='ocrx_word' id='word_1_202' title='bbox 233 2321 273 2368; x_wconf 73' lang='lat' dir='ltr'>AE·</span> <span class='ocrx_word' id='word_1_203' title='bbox 303 2309 434 2374; x_wconf 87' lang='lat' dir='ltr'>tionem.</span> <span class='ocrx_word' id='word_1_204' title='bbox 466 2311 567 2373; x_wconf 71' lang='lat' dir='ltr'>Ursam</span> <span class='ocrx_word' id='word_1_205' title='bbox 582 2311 793 2394; x_wconf 81' lang='lat' dir='ltr'>imperatorem</span> <span class='ocrx_word' id='word_1_206' title='bbox 805 2309 839 2370; x_wconf 87' lang='lat' dir='ltr'>in</span> <span class='ocrx_word' id='word_1_207' title='bbox 853 2310 1152 2391; x_wconf 75' lang='lat' dir='ltr'>enercituprouidere</span> <span class='ocrx_word' id='word_1_208' title='bbox 1166 2318 1194 2371; x_wconf 87' lang='lat' dir='ltr'>et</span> <span class='ocrx_word' id='word_1_209' title='bbox 1208 2309 1368 2386; x_wconf 80' lang='lat' dir='ltr'>cmrsulere,</span> 
     </span>
    </p>

    <p class='ocr_par' dir='ltr' id='par_1_9' title="bbox 140 2387 1370 2494">
     <span class='ocr_line' id='line_1_26' title="bbox 140 2387 1370 2494; baseline -0.001 -35"><span class='ocrx_word' id='word_1_210' title='bbox 140 2387 380 2494; x_wconf 50' lang='lat' dir='ltr'>{mmmm</span> <span class='ocrx_word' id='word_1_211' title='bbox 402 2398 550 2482; x_wconf 80' lang='lat' dir='ltr'>agendum</span> <span class='ocrx_word' id='word_1_212' title='bbox 569 2399 622 2473; x_wconf 86' lang='lat' dir='ltr'>sit,</span> <span class='ocrx_word' id='word_1_213' title='bbox 647 2395 763 2472; x_wconf 83' lang='lat' dir='ltr'>debere,</span> <span class='ocrx_word' id='word_1_214' title='bbox 783 2394 864 2457; x_wconf 75' lang='lat' dir='ltr'>&#39;nunc</span> <span class='ocrx_word' id='word_1_215' title='bbox 884 2415 941 2475; x_wconf 88' lang='lat' dir='ltr'>per</span> <span class='ocrx_word' id='word_1_216' title='bbox 965 2416 1006 2471; x_wconf 88' lang='lat' dir='ltr'>se,</span> <span class='ocrx_word' id='word_1_217' title='bbox 1029 2416 1106 2458; x_wconf 86' lang='lat' dir='ltr'>nunc</span> <span class='ocrx_word' id='word_1_218' title='bbox 1130 2417 1197 2458; x_wconf 76' lang='lat' dir='ltr'>erem</span> <span class='ocrx_word' id='word_1_219' title='bbox 1221 2397 1271 2470; x_wconf 85' lang='lat' dir='ltr'>iis,</span> <span class='ocrx_word' id='word_1_220' title='bbox 1294 2416 1370 2477; x_wconf 86' lang='lat' dir='ltr'>quos</span> 
     </span>
    </p>

    <p class='ocr_par' dir='ltr' id='par_1_10' title="bbox 160 2430 1454 3338">
     <span class='ocr_line' id='line_1_27' title="bbox 160 2430 1454 2565; baseline -0.005 -17"><span class='ocrx_word' id='word_1_221' title='bbox 160 2457 202 2496; x_wconf 51' lang='lat' dir='ltr'><em>m</em></span> <span class='ocrx_word' id='word_1_222' title='bbox 300 2485 496 2549; x_wconf 80' lang='lat' dir='ltr'>advocaverit</span> <span class='ocrx_word' id='word_1_223' title='bbox 512 2486 545 2546; x_wconf 84' lang='lat' dir='ltr'>in</span> <span class='ocrx_word' id='word_1_224' title='bbox 559 2483 725 2546; x_wconf 81' lang='lat' dir='ltr'>consilium.</span> <span class='ocrx_word' id='word_1_225' title='bbox 748 2483 804 2565; x_wconf 87' lang='lat' dir='ltr'>qni</span> <span class='ocrx_word' id='word_1_226' title='bbox 818 2502 876 2544; x_wconf 88' lang='lat' dir='ltr'>non</span> <span class='ocrx_word' id='word_1_227' title='bbox 890 2482 953 2544; x_wconf 82' lang='lat' dir='ltr'>sint</span> <span class='ocrx_word' id='word_1_228' title='bbox 963 2482 1113 2555; x_wconf 78' lang='lat' dir='ltr'>admosti,</span> <span class='ocrx_word' id='word_1_229' title='bbox 1125 2503 1172 2545; x_wconf 85' lang='lat' dir='ltr'>eos</span> <span class='ocrx_word' id='word_1_230' title='bbox 1186 2483 1239 2544; x_wconf 83' lang='lat' dir='ltr'>nec</span> <span class='ocrx_word' id='word_1_231' title='bbox 1251 2480 1366 2561; x_wconf 79' lang='lat' dir='ltr'>pulum,</span> <span class='ocrx_word' id='word_1_232' title='bbox 1451 2430 1454 2523; x_wconf 83' lang='lat' dir='ltr'>l</span> 
     </span>
     <span class='ocr_line' id='line_1_28' title="bbox 300 2566 1370 2649; baseline -0.001 -18"><span class='ocrx_word' id='word_1_233' title='bbox 300 2591 355 2631; x_wconf 81' lang='lat' dir='ltr'>nec</span> <span class='ocrx_word' id='word_1_234' title='bbox 378 2579 493 2631; x_wconf 88' lang='lat' dir='ltr'>secreto</span> <span class='ocrx_word' id='word_1_235' title='bbox 506 2568 634 2649; x_wconf 81' lang='lat' dir='ltr'>jactare</span> <span class='ocrx_word' id='word_1_236' title='bbox 656 2569 785 2630; x_wconf 84' lang='lat' dir='ltr'>consilia</span> <span class='ocrx_word' id='word_1_237' title='bbox 814 2589 882 2630; x_wconf 76' lang='lat' dir='ltr'>stru.</span> <span class='ocrx_word' id='word_1_238' title='bbox 926 2566 1067 2629; x_wconf 81' lang='lat' dir='ltr'>lliilitem</span> <span class='ocrx_word' id='word_1_239' title='bbox 1089 2567 1151 2629; x_wconf 79' lang='lat' dir='ltr'>ltoee</span> <span class='ocrx_word' id='word_1_240' title='bbox 1176 2568 1238 2629; x_wconf 85' lang='lat' dir='ltr'>irio</span> <span class='ocrx_word' id='word_1_241' title='bbox 1259 2587 1370 2630; x_wconf 77' lang='lat' dir='ltr'>curare</span> 
     </span>
     <span class='ocr_line' id='line_1_29' title="bbox 301 2653 1408 2734; baseline 0.001 -20"><span class='ocrx_word' id='word_1_242' title='bbox 301 2654 418 2728; x_wconf 73' lang='lat' dir='ltr'>debere,</span> <span class='ocrx_word' id='word_1_243' title='bbox 434 2673 540 2734; x_wconf 72' lang='lat' dir='ltr'>corpses</span> <span class='ocrx_word' id='word_1_244' title='bbox 553 2663 587 2713; x_wconf 81' lang='lat' dir='ltr'>ut</span> <span class='ocrx_word' id='word_1_245' title='bbox 601 2673 691 2733; x_wconf 86' lang='lat' dir='ltr'>quam</span> <span class='ocrx_word' id='word_1_246' title='bbox 712 2653 934 2714; x_wconf 74' lang='lat' dir='ltr'>ualidissimum</span> <span class='ocrx_word' id='word_1_247' title='bbox 949 2662 979 2715; x_wconf 87' lang='lat' dir='ltr'>et</span> <span class='ocrx_word' id='word_1_248' title='bbox 992 2654 1234 2734; x_wconf 80' lang='lat' dir='ltr'>pernicissimum</span> <span class='ocrx_word' id='word_1_249' title='bbox 1248 2653 1369 2732; x_wconf 80' lang='lat' dir='ltr'>hubent,</span> <span class='ocrx_word' id='word_1_250' title='bbox 1398 2684 1408 2705; x_wconf 83' lang='lat'><strong>·</strong></span> 
     </span>
     <span class='ocr_line' id='line_1_30' title="bbox 301 2735 1454 2823; baseline 0.003 -25"><span class='ocrx_word' id='word_1_251' title='bbox 301 2757 393 2798; x_wconf 83' lang='lat' dir='ltr'>armo</span> <span class='ocrx_word' id='word_1_252' title='bbox 407 2746 493 2814; x_wconf 85' lang='lat' dir='ltr'>apto,</span> <span class='ocrx_word' id='word_1_253' title='bbox 509 2735 634 2796; x_wconf 69' lang='lat' dir='ltr'>⁸⁸eibum</span> <span class='ocrx_word' id='word_1_254' title='bbox 654 2745 800 2813; x_wconf 84' lang='lat' dir='ltr'>paratum</span> <span class='ocrx_word' id='word_1_255' title='bbox 822 2739 865 2798; x_wconf 86' lang='lat' dir='ltr'>nd</span> <span class='ocrx_word' id='word_1_256' title='bbox 884 2738 986 2801; x_wconf 79' lang='lat' dir='ltr'>srebitu</span> <span class='ocrx_word' id='word_1_257' title='bbox 1008 2736 1157 2820; x_wconf 82' lang='lat' dir='ltr'>imperia:</span> <span class='ocrx_word' id='word_1_258' title='bbox 1178 2749 1277 2803; x_wconf 84' lang='lat' dir='ltr'>cetero</span> <span class='ocrx_word' id='word_1_259' title='bbox 1288 2739 1370 2801; x_wconf 77' lang='lat' dir='ltr'>scire</span> <span class='ocrx_word' id='word_1_260' title='bbox 1453 2778 1454 2823; x_wconf 53' lang='lat' dir='ltr'>q</span> 
     </span>
     <span class='ocr_line' id='line_1_31' title="bbox 302 2819 1454 2907; baseline 0.003 -23"><span class='ocrx_word' id='word_1_261' title='bbox 302 2822 385 2884; x_wconf 86' lang='lat' dir='ltr'>dese</span> <span class='ocrx_word' id='word_1_262' title='bbox 404 2820 481 2903; x_wconf 82' lang='lat' dir='ltr'>Diis</span> <span class='ocrx_word' id='word_1_263' title='bbox 499 2819 708 2882; x_wconf 77' lang='lat' dir='ltr'>inmortalibus</span> <span class='ocrx_word' id='word_1_264' title='bbox 729 2830 759 2882; x_wconf 85' lang='lat' dir='ltr'>et</span> <span class='ocrx_word' id='word_1_265' title='bbox 781 2822 960 2902; x_wconf 81' lang='lat' dir='ltr'>imperatori</span> <span class='ocrx_word' id='word_1_266' title='bbox 978 2846 1032 2888; x_wconf 84' lang='lat' dir='ltr'>suo</span> <span class='ocrx_word' id='word_1_267' title='bbox 1053 2845 1132 2886; x_wconf 80' lang='lat' dir='ltr'>curae</span> <span class='ocrx_word' id='word_1_268' title='bbox 1152 2845 1225 2888; x_wconf 85' lang='lat' dir='ltr'>esse.</span> <span class='ocrx_word' id='word_1_269' title='bbox 1254 2825 1371 2907; x_wconf 76' lang='lat' dir='ltr'>inquo</span> <span class='ocrx_word' id='word_1_270' title='bbox 1453 2888 1454 2897; x_wconf 59' lang='grc'>,</span> 
     </span>
     <span class='ocr_line' id='line_1_32' title="bbox 303 2906 1372 2994; baseline 0.004 -25"><span class='ocrx_word' id='word_1_271' title='bbox 303 2907 435 2969; x_wconf 69' lang='lat' dir='ltr'>exercitu</span> <span class='ocrx_word' id='word_1_272' title='bbox 449 2907 469 2938; x_wconf 77' lang='lat'>⁸⁹</span> <span class='ocrx_word' id='word_1_273' title='bbox 480 2906 604 2980; x_wconf 87' lang='lat' dir='ltr'>milites,</span> <span class='ocrx_word' id='word_1_274' title='bbox 620 2907 730 2982; x_wconf 73' lang='lat' dir='ltr'>nonnil,</span> <span class='ocrx_word' id='word_1_275' title='bbox 741 2914 771 2968; x_wconf 85' lang='lat' dir='ltr'>et</span> <span class='ocrx_word' id='word_1_276' title='bbox 787 2907 951 2988; x_wconf 81' lang='lat' dir='ltr'>imperator</span> <span class='ocrx_word' id='word_1_277' title='bbox 961 2910 1131 2973; x_wconf 81' lang='lat' dir='ltr'>rumoridus</span> <span class='ocrx_word' id='word_1_278' title='bbox 1144 2912 1232 2994; x_wconf 82' lang='lat' dir='ltr'>vulgi</span> <span class='ocrx_word' id='word_1_279' title='bbox 1243 2910 1372 2973; x_wconf 82' lang='lat' dir='ltr'>circum·</span> 
     </span>
     <span class='ocr_line' id='line_1_33' title="bbox 301 2990 1372 3082; baseline 0.002 -26"><span class='ocrx_word' id='word_1_280' title='bbox 301 3001 428 3077; x_wconf 83' lang='lat' dir='ltr'>ugutur,</span> <span class='ocrx_word' id='word_1_281' title='bbox 444 2992 489 3054; x_wconf 85' lang='lat' dir='ltr'>ibi</span> <span class='ocrx_word' id='word_1_282' title='bbox 503 2990 582 3052; x_wconf 79' lang='lat' dir='ltr'>nihil</span> <span class='ocrx_word' id='word_1_283' title='bbox 601 2993 737 3055; x_wconf 86' lang='lat' dir='ltr'>salutare</span> <span class='ocrx_word' id='word_1_284' title='bbox 759 3013 830 3055; x_wconf 86' lang='lat' dir='ltr'>esse.</span> <span class='ocrx_word' id='word_1_285' title='bbox 873 2994 912 3071; x_wconf 78' lang='lat' dir='ltr'>Se</span> <span class='ocrx_word' id='word_1_286' title='bbox 933 2997 1013 3077; x_wconf 83' lang='lat' dir='ltr'>quod</span> <span class='ocrx_word' id='word_1_287' title='bbox 1033 2997 1074 3059; x_wconf 84' lang='lat' dir='ltr'>sit</span> <span class='ocrx_word' id='word_1_288' title='bbox 1096 2995 1223 3082; x_wconf 59' lang='lat' dir='ltr'>fficium</span> <span class='ocrx_word' id='word_1_289' title='bbox 1237 2997 1372 3077; x_wconf 85' lang='lat' dir='ltr'>impera·</span> 
     </span>
     <span class='ocr_line' id='line_1_34' title="bbox 304 3079 1371 3163; baseline 0.002 -20"><span class='ocrx_word' id='word_1_290' title='bbox 304 3081 386 3156; x_wconf 77' lang='lat' dir='ltr'>toris,</span> <span class='ocrx_word' id='word_1_291' title='bbox 397 3079 600 3161; x_wconf 80' lang='lat' dir='ltr'>provisurum,</span> <span class='ocrx_word' id='word_1_292' title='bbox 616 3088 651 3141; x_wconf 83' lang='lat' dir='ltr'>ut</span> <span class='ocrx_word' id='word_1_293' title='bbox 661 3079 732 3140; x_wconf 77' lang='lat' dir='ltr'>berte</span> <span class='ocrx_word' id='word_1_294' title='bbox 742 3080 887 3161; x_wconf 82' lang='lat' dir='ltr'>gerendae</span> <span class='ocrx_word' id='word_1_295' title='bbox 899 3083 948 3142; x_wconf 82' lang='lat' dir='ltr'>rei</span> <span class='ocrx_word' id='word_1_296' title='bbox 968 3083 1151 3145; x_wconf 80' lang='lat' dir='ltr'>occasionem</span> <span class='ocrx_word' id='word_1_297' title='bbox 1165 3083 1209 3145; x_wconf 85' lang='lat' dir='ltr'>eis</span> <span class='ocrx_word' id='word_1_298' title='bbox 1217 3080 1371 3163; x_wconf 82' lang='lat' dir='ltr'>praebeot.</span> 
     </span>
     <span class='ocr_line' id='line_1_35' title="bbox 302 3160 1374 3252; baseline 0.003 -25"><span class='ocrx_word' id='word_1_299' title='bbox 302 3165 372 3227; x_wconf 84' lang='lat' dir='ltr'>illos</span> <span class='ocrx_word' id='word_1_300' title='bbox 385 3165 471 3239; x_wconf 75' lang='lat' dir='ltr'>ninii,</span> <span class='ocrx_word' id='word_1_301' title='bbox 488 3165 568 3247; x_wconf 82' lang='lat' dir='ltr'>quod</span> <span class='ocrx_word' id='word_1_302' title='bbox 582 3160 726 3243; x_wconf 78' lang='lat' dir='ltr'>futumm</span> <span class='ocrx_word' id='word_1_303' title='bbox 744 3165 793 3240; x_wconf 83' lang='lat' dir='ltr'>sit,</span> <span class='ocrx_word' id='word_1_304' title='bbox 811 3185 964 3247; x_wconf 81' lang='lat' dir='ltr'>quaerere:</span> <span class='ocrx_word' id='word_1_305' title='bbox 987 3167 1038 3229; x_wconf 84' lang='lat' dir='ltr'>ubi</span> <span class='ocrx_word' id='word_1_306' title='bbox 1057 3169 1161 3230; x_wconf 86' lang='lat' dir='ltr'>dutum</span> <span class='ocrx_word' id='word_1_307' title='bbox 1178 3170 1299 3252; x_wconf 81' lang='lat' dir='ltr'>signum</span> <span class='ocrx_word' id='word_1_308' title='bbox 1317 3168 1374 3247; x_wconf 82' lang='lat' dir='ltr'>sit,</span> 
     </span>
     <span class='ocr_line' id='line_1_36' title="bbox 303 3250 1454 3338; baseline 0.005 -26"><span class='ocrx_word' id='word_1_309' title='bbox 303 3259 367 3313; x_wconf 85' lang='lat' dir='ltr'>tum</span> <span class='ocrx_word' id='word_1_310' title='bbox 380 3250 542 3313; x_wconf 84' lang='lat' dir='ltr'>militarem</span> <span class='ocrx_word' id='word_1_311' title='bbox 556 3271 679 3332; x_wconf 82' lang='lat' dir='ltr'>operam</span> <span class='ocrx_word' id='word_1_312' title='bbox 692 3271 818 3314; x_wconf 82' lang='lat' dir='ltr'>navare.</span> <span class='ocrx_word' id='word_1_313' title='bbox 863 3250 916 3314; x_wconf 84' lang='lat' dir='ltr'>Ab</span> <span class='ocrx_word' id='word_1_314' title='bbox 931 3251 981 3316; x_wconf 92' lang='lat' dir='ltr'>his</span> <span class='ocrx_word' id='word_1_315' title='bbox 997 3254 1164 3338; x_wconf 85' lang='lat' dir='ltr'>proeceptis</span> <span class='ocrx_word' id='word_1_316' title='bbox 1183 3251 1373 3317; x_wconf 87' lang='lat' dir='ltr'>concionem</span> <span class='ocrx_word' id='word_1_317' title='bbox 1416 3274 1454 3295; x_wconf 79' lang='lat'>¹·</span> 
     </span>
    </p>
   </div>
   <div class='ocr_carea' id='block_1_2' title="bbox 711 3344 1454 3434">
    <p class='ocr_par' dir='ltr' id='par_1_11' title="bbox 711 3344 1454 3434">
     <span class='ocr_line' id='line_1_37' title="bbox 711 3344 1454 3434; baseline 0.001 -1"><span class='ocrx_word' id='word_1_318' title='bbox 711 3383 788 3433; x_wconf 76' lang='lat' dir='ltr'>bdetn</span> <span class='ocrx_word' id='word_1_319' title='bbox 799 3387 873 3433; x_wconf 85' lang='lat' dir='ltr'>Gron.</span> <span class='ocrx_word' id='word_1_320' title='bbox 887 3387 956 3434; x_wconf 78' lang='lat' dir='ltr'>Creu.</span> <span class='ocrx_word' id='word_1_321' title='bbox 1349 3344 1454 3413; x_wconf 41' lang='lat' dir='ltr'>..N</span> 
     </span>
    </p>
   </div>
   <div class='ocr_carea' id='block_1_3' title="bbox 298 3523 1375 4353">
    <p class='ocr_par' dir='ltr' id='par_1_12' title="bbox 298 3523 1375 4353">
     <span class='ocr_line' id='line_1_38' title="bbox 335 3523 1372 3593; baseline 0.006 -22"><span class='ocrx_word' id='word_1_322' title='bbox 335 3523 369 3571; x_wconf 76' lang='lat' dir='ltr'>st</span> <span class='ocrx_word' id='word_1_323' title='bbox 384 3524 526 3587; x_wconf 69' lang='lat' dir='ltr'>Pmmopilo]</span> <span class='ocrx_word' id='word_1_324' title='bbox 538 3524 596 3573; x_wconf 77' lang='lat' dir='ltr'>vic</span> <span class='ocrx_word' id='word_1_325' title='bbox 607 3524 771 3573; x_wconf 64' lang='lat' dir='ltr'>natinaei.</span> <span class='ocrx_word' id='word_1_326' title='bbox 784 3527 818 3574; x_wconf 88' lang='lat'>11.</span> <span class='ocrx_word' id='word_1_327' title='bbox 883 3527 916 3575; x_wconf 92' lang='grc'>88</span> <span class='ocrx_word' id='word_1_328' title='bbox 934 3529 1017 3576; x_wconf 77' lang='lat' dir='ltr'>Cibum</span> <span class='ocrx_word' id='word_1_329' title='bbox 1029 3530 1154 3593; x_wconf 80' lang='lat' dir='ltr'>puratum]</span> <span class='ocrx_word' id='word_1_330' title='bbox 1173 3531 1242 3579; x_wconf 89' lang='lat' dir='ltr'>Nihil</span> <span class='ocrx_word' id='word_1_331' title='bbox 1258 3532 1299 3576; x_wconf 88' lang='lat' dir='ltr'>hic</span> <span class='ocrx_word' id='word_1_332' title='bbox 1314 3543 1372 3577; x_wconf 88' lang='lat' dir='ltr'>mu·</span> 
     </span>
     <span class='ocr_line' id='line_1_39' title="bbox 304 3588 1373 3654; baseline 0.006 -19"><span class='ocrx_word' id='word_1_333' title='bbox 304 3602 326 3635; x_wconf 83' lang='lat' dir='ltr'>c.</span> <span class='ocrx_word' id='word_1_334' title='bbox 338 3588 377 3635; x_wconf 74' lang='lat' dir='ltr'>tt.</span> <span class='ocrx_word' id='word_1_335' title='bbox 852 3593 955 3638; x_wconf 76' lang='lat' dir='ltr'>tondum</span> <span class='ocrx_word' id='word_1_336' title='bbox 965 3600 1009 3639; x_wconf 78' lang='lat' dir='ltr'>ost</span> <span class='ocrx_word' id='word_1_337' title='bbox 1043 3595 1170 3641; x_wconf 79' lang='lat' dir='ltr'>observari</span> <span class='ocrx_word' id='word_1_338' title='bbox 1189 3596 1269 3654; x_wconf 82' lang='lat' dir='ltr'>potuit</span> <span class='ocrx_word' id='word_1_339' title='bbox 1287 3595 1312 3639; x_wconf 90' lang='lat' dir='ltr'>in</span> <span class='ocrx_word' id='word_1_340' title='bbox 1330 3608 1373 3641; x_wconf 87' lang='lat' dir='ltr'>ru·</span> 
     </span>
     <span class='ocr_line' id='line_1_40' title="bbox 337 3651 1372 3719; baseline 0.006 -20"><span class='ocrx_word' id='word_1_341' title='bbox 337 3651 524 3714; x_wconf 71' lang='lat' dir='ltr'>85¹&amp;erctum1</span> <span class='ocrx_word' id='word_1_342' title='bbox 541 3654 591 3699; x_wconf 84' lang='lat' dir='ltr'>Soli</span> <span class='ocrx_word' id='word_1_343' title='bbox 606 3655 820 3714; x_wconf 83' lang='lat' dir='ltr'>primopilo,seor·</span> <span class='ocrx_word' id='word_1_344' title='bbox 851 3654 985 3716; x_wconf 84' lang='lat' dir='ltr'>perioribus</span> <span class='ocrx_word' id='word_1_345' title='bbox 1009 3658 1077 3705; x_wconf 85' lang='lat' dir='ltr'>libris</span> <span class='ocrx_word' id='word_1_346' title='bbox 1103 3660 1229 3719; x_wconf 74' lang='lat' dir='ltr'>aliquoties</span> <span class='ocrx_word' id='word_1_347' title='bbox 1249 3659 1372 3705; x_wconf 82' lang='lat' dir='ltr'>militibus</span> 
     </span>
     <span class='ocr_line' id='line_1_41' title="bbox 300 3716 1374 3781; baseline 0.003 -15"><span class='ocrx_word' id='word_1_348' title='bbox 300 3729 387 3766; x_wconf 69' lang='lat' dir='ltr'>eume</span> <span class='ocrx_word' id='word_1_349' title='bbox 397 3716 490 3762; x_wconf 86' lang='lat' dir='ltr'>ceteris.</span> <span class='ocrx_word' id='word_1_350' title='bbox 853 3718 970 3767; x_wconf 79' lang='lat' dir='ltr'>Romanis</span> <span class='ocrx_word' id='word_1_351' title='bbox 987 3723 1143 3781; x_wconf 75' lang='lat' dir='ltr'>imperatum,</span> <span class='ocrx_word' id='word_1_352' title='bbox 1155 3730 1184 3770; x_wconf 92' lang='lat' dir='ltr'>ut</span> <span class='ocrx_word' id='word_1_353' title='bbox 1198 3723 1287 3769; x_wconf 78' lang='lat' dir='ltr'>cibnrn</span> <span class='ocrx_word' id='word_1_354' title='bbox 1303 3729 1374 3769; x_wconf 70' lang='lat' dir='ltr'>coetu</span> 
     </span>
     <span class='ocr_line' id='line_1_42' title="bbox 336 3780 1372 3843; baseline 0.007 -17"><span class='ocrx_word' id='word_1_355' title='bbox 336 3782 368 3830; x_wconf 80' lang='grc'>86</span> <span class='ocrx_word' id='word_1_356' title='bbox 384 3780 455 3826; x_wconf 82' lang='lat' dir='ltr'>Sento</span> <span class='ocrx_word' id='word_1_357' title='bbox 465 3793 518 3840; x_wconf 78' lang='lat' dir='ltr'>proe</span> <span class='ocrx_word' id='word_1_358' title='bbox 532 3794 556 3827; x_wconf 85' lang='lat' dir='ltr'>re</span> <span class='ocrx_word' id='word_1_359' title='bbox 570 3781 654 3843; x_wconf 65' lang='lat' dir='ltr'>necto]</span> <span class='ocrx_word' id='word_1_360' title='bbox 681 3782 743 3829; x_wconf 78' lang='lat' dir='ltr'>iisse</span> <span class='ocrx_word' id='word_1_361' title='bbox 764 3791 822 3829; x_wconf 88' lang='lat' dir='ltr'>sunt</span> <span class='ocrx_word' id='word_1_362' title='bbox 853 3784 879 3833; x_wconf 90' lang='lat' dir='ltr'>in</span> <span class='ocrx_word' id='word_1_363' title='bbox 890 3793 984 3833; x_wconf 86' lang='lat' dir='ltr'>certum</span> <span class='ocrx_word' id='word_1_364' title='bbox 995 3788 1230 3833; x_wconf 85' lang='lat' dir='ltr'>dierumnumerum</span> <span class='ocrx_word' id='word_1_365' title='bbox 1239 3788 1372 3833; x_wconf 75' lang='lat' dir='ltr'>habereut:</span> 
     </span>
     <span class='ocr_line' id='line_1_43' title="bbox 306 3845 1266 3910; baseline 0.002 -16"><span class='ocrx_word' id='word_1_366' title='bbox 306 3845 462 3894; x_wconf 80' lang='lat' dir='ltr'>incommode</span> <span class='ocrx_word' id='word_1_367' title='bbox 482 3858 538 3903; x_wconf 73' lang='lat' dir='ltr'>qum</span> <span class='ocrx_word' id='word_1_368' title='bbox 560 3852 694 3903; x_wconf 86' lang='lat' dir='ltr'>sequuntur</span> <span class='ocrx_word' id='word_1_369' title='bbox 721 3859 750 3892; x_wconf 85' lang='lat' dir='ltr'>ex</span> <span class='ocrx_word' id='word_1_370' title='bbox 778 3848 822 3893; x_wconf 91' lang='lat' dir='ltr'>ilio</span> <span class='ocrx_word' id='word_1_371' title='bbox 854 3851 907 3895; x_wconf 89' lang='lat' dir='ltr'>utl.</span> <span class='ocrx_word' id='word_1_372' title='bbox 921 3851 1266 3910; x_wconf 76' lang='lat' dir='ltr'>111.c27.eralibisoepius</span> 
     </span>
     <span class='ocr_line' id='line_1_44' title="bbox 305 3909 1373 3977; baseline 0.005 -20"><span class='ocrx_word' id='word_1_373' title='bbox 305 3924 373 3959; x_wconf 79' lang='lat' dir='ltr'>more</span> <span class='ocrx_word' id='word_1_374' title='bbox 394 3923 469 3969; x_wconf 90' lang='lat' dir='ltr'>quem</span> <span class='ocrx_word' id='word_1_375' title='bbox 490 3909 606 3959; x_wconf 70' lang='lat' dir='ltr'>hactenus</span> <span class='ocrx_word' id='word_1_376' title='bbox 630 3916 766 3966; x_wconf 77' lang='lat' dir='ltr'>tennerunt,</span> <span class='ocrx_word' id='word_1_377' title='bbox 795 3918 822 3958; x_wconf 91' lang='lat' dir='ltr'>ut</span> <span class='ocrx_word' id='word_1_378' title='bbox 886 3913 918 3960; x_wconf 83' lang='grc'>89</span> <span class='ocrx_word' id='word_1_379' title='bbox 935 3914 1373 3977; x_wconf 79' lang='lat' dir='ltr'>MilitescomuictimperntorJHunc</span> 
     </span>
     <span class='ocr_line' id='line_1_45' title="bbox 298 3973 1375 4039; baseline 0.004 -16"><span class='ocrx_word' id='word_1_380' title='bbox 298 3983 404 4023; x_wconf 70' lang='lat' dir='ltr'>scutum</span> <span class='ocrx_word' id='word_1_381' title='bbox 415 3981 440 4020; x_wconf 91' lang='lat' dir='ltr'>et</span> <span class='ocrx_word' id='word_1_382' title='bbox 449 3980 529 4020; x_wconf 79' lang='lat' dir='ltr'>cetere</span> <span class='ocrx_word' id='word_1_383' title='bbox 539 3986 608 4019; x_wconf 81' lang='lat' dir='ltr'>crmu</span> <span class='ocrx_word' id='word_1_384' title='bbox 618 3973 644 4019; x_wconf 95' lang='lat' dir='ltr'>in</span> <span class='ocrx_word' id='word_1_385' title='bbox 655 3974 764 4032; x_wconf 76' lang='lat' dir='ltr'>vigilium</span> <span class='ocrx_word' id='word_1_386' title='bbox 774 3976 821 4023; x_wconf 84' lang='lat' dir='ltr'>ier·</span> <span class='ocrx_word' id='word_1_387' title='bbox 854 3977 935 4023; x_wconf 86' lang='lat' dir='ltr'>locum</span> <span class='ocrx_word' id='word_1_388' title='bbox 956 3980 1051 4039; x_wconf 75' lang='lat' dir='ltr'>egregie</span> <span class='ocrx_word' id='word_1_389' title='bbox 1080 3980 1194 4025; x_wconf 74' lang='lat' dir='ltr'>emendet</span> <span class='ocrx_word' id='word_1_390' title='bbox 1217 3980 1375 4027; x_wconf 85' lang='lat' dir='ltr'>doctissimus</span> 
     </span>
     <span class='ocr_line' id='line_1_46' title="bbox 305 4041 1373 4103; baseline 0.003 -16"><span class='ocrx_word' id='word_1_391' title='bbox 305 4046 367 4087; x_wconf 79' lang='lat' dir='ltr'>rent</span> <span class='ocrx_word' id='word_1_392' title='bbox 853 4042 919 4088; x_wconf 87' lang='lat' dir='ltr'>idem</span> <span class='ocrx_word' id='word_1_393' title='bbox 944 4050 970 4089; x_wconf 89' lang='lat' dir='ltr'>et</span> <span class='ocrx_word' id='word_1_394' title='bbox 991 4043 1201 4103; x_wconf 71' lang='lat' dir='ltr'>mgeniosissimus</span> <span class='ocrx_word' id='word_1_395' title='bbox 1223 4041 1373 4090; x_wconf 83' lang='lat' dir='ltr'>Perizonius.</span> 
     </span>
     <span class='ocr_line' id='line_1_47' title="bbox 337 4102 1372 4166; baseline 0.006 -17"><span class='ocrx_word' id='word_1_396' title='bbox 337 4104 369 4151; x_wconf 75' lang='lat' dir='ltr'>Si</span> <span class='ocrx_word' id='word_1_397' title='bbox 387 4102 493 4163; x_wconf 70' lang='lat' dir='ltr'>cinsptn</span> <span class='ocrx_word' id='word_1_398' title='bbox 504 4134 511 4148; x_wconf 84' lang='lat'><strong>.</strong></span> <span class='ocrx_word' id='word_1_399' title='bbox 523 4133 530 4147; x_wconf 87' lang='lat'>.</span> <span class='ocrx_word' id='word_1_400' title='bbox 543 4134 550 4148; x_wconf 93' lang='lat'><strong>.</strong></span> <span class='ocrx_word' id='word_1_401' title='bbox 563 4134 570 4148; x_wconf 92' lang='lat'><strong>.</strong></span> <span class='ocrx_word' id='word_1_402' title='bbox 585 4102 684 4163; x_wconf 70' lang='lat' dir='ltr'>possim,</span> <span class='ocrx_word' id='word_1_403' title='bbox 701 4103 747 4161; x_wconf 72' lang='lat' dir='ltr'>&#39;quei</span> <span class='ocrx_word' id='word_1_404' title='bbox 762 4102 822 4147; x_wconf 67' lang='lat' dir='ltr'>nihil</span> <span class='ocrx_word' id='word_1_405' title='bbox 852 4106 884 4151; x_wconf 82' lang='lat' dir='ltr'>In</span> <span class='ocrx_word' id='word_1_406' title='bbox 903 4120 946 4166; x_wconf 80' lang='lat' dir='ltr'>quo</span> <span class='ocrx_word' id='word_1_407' title='bbox 964 4108 1066 4154; x_wconf 71' lang='lat' dir='ltr'>ecmelis</span> <span class='ocrx_word' id='word_1_408' title='bbox 1084 4106 1168 4154; x_wconf 77' lang='lat' dir='ltr'>militm</span> <span class='ocrx_word' id='word_1_409' title='bbox 1186 4107 1313 4162; x_wconf 65' lang='lat' dir='ltr'>munst,</span> <span class='ocrx_word' id='word_1_410' title='bbox 1332 4108 1372 4155; x_wconf 81' lang='lat' dir='ltr'>vel</span> 
     </span>
     <span class='ocr_line' id='line_1_48' title="bbox 301 4166 1374 4230; baseline 0.006 -17"><span class='ocrx_word' id='word_1_411' title='bbox 301 4167 450 4229; x_wconf 65' lang='lat' dir='ltr'>provideat]</span> <span class='ocrx_word' id='word_1_412' title='bbox 468 4167 549 4214; x_wconf 84' lang='lat' dir='ltr'>Secuti</span> <span class='ocrx_word' id='word_1_413' title='bbox 569 4179 654 4214; x_wconf 87' lang='lat' dir='ltr'>sumus</span> <span class='ocrx_word' id='word_1_414' title='bbox 673 4166 821 4213; x_wconf 73' lang='lat' dir='ltr'>emendatio·</span> <span class='ocrx_word' id='word_1_415' title='bbox 852 4170 917 4217; x_wconf 69' lang='lat' dir='ltr'>ndkr</span> <span class='ocrx_word' id='word_1_416' title='bbox 947 4171 1057 4225; x_wconf 72' lang='lat' dir='ltr'>censuim,</span> <span class='ocrx_word' id='word_1_417' title='bbox 1085 4171 1211 4230; x_wconf 82' lang='lat' dir='ltr'>irnpcrrtor</span> <span class='ocrx_word' id='word_1_418' title='bbox 1240 4172 1374 4218; x_wconf 67' lang='lat' dir='ltr'>rumonim</span> 
     </span>
     <span class='ocr_line' id='line_1_49' title="bbox 302 4226 1375 4353; baseline 0.005 -75"><span class='ocrx_word' id='word_1_419' title='bbox 302 4230 597 4353; x_wconf 43' lang='lat' dir='ltr'>222qu</span> <span class='ocrx_word' id='word_1_420' title='bbox 616 4232 683 4292; x_wconf 81' lang='lat' dir='ltr'>prius</span> <span class='ocrx_word' id='word_1_421' title='bbox 700 4232 821 4293; x_wconf 70' lang='lat' dir='ltr'>legeretur</span> <span class='ocrx_word' id='word_1_422' title='bbox 852 4234 919 4294; x_wconf 70' lang='lat' dir='ltr'>uulgi</span> <span class='ocrx_word' id='word_1_423' title='bbox 934 4235 1117 4295; x_wconf 73' lang='lat' dir='ltr'>circumugrtnr,</span> <span class='ocrx_word' id='word_1_424' title='bbox 1139 4236 1172 4289; x_wconf 78' lang='lat' dir='ltr'>m</span> <span class='ocrx_word' id='word_1_425' title='bbox 1192 4226 1254 4282; x_wconf 74' lang='lat' dir='ltr'>millii</span> <span class='ocrx_word' id='word_1_426' title='bbox 1271 4235 1375 4283; x_wconf 62' lang='lat' dir='ltr'>nistre</span> 
     </span>
     <span class='ocr_line' id='line_1_50' title="bbox 851 4309 904 4345; baseline 0.019 -1"><span class='ocrx_word' id='word_1_427' title='bbox 851 4309 904 4345; x_wconf 60' lang='lat' dir='ltr'>un·</span> 
     </span>
    </p>
   </div>
   <div class='ocr_carea' id='block_1_4' title="bbox 0 0 1477 4750">
    <p class='ocr_par' dir='ltr' id='par_1_13' title="bbox 0 0 1477 4750">
     <span class='ocr_line' id='line_1_51' title="bbox 0 0 1477 4750; baseline 0 0"><span class='ocrx_word' id='word_1_428' title='bbox 0 0 1477 4750; x_wconf 95' lang='lat' dir='ltr'> </span> 
     </span>
    </p>
   </div>
  </div>
 </body>
</html>
