2942 4750
459 143 524 206 ne
546 98 957 218 Possumusne.
1230 151 1261 207 er

209 304 272 372 Sed
287 327 351 373 nan
366 306 409 373 ita
422 312 524 379 multo
540 323 609 394 post
623 322 744 375 mutate
756 333 806 385 res
824 323 880 389 est,
896 324 928 376 et
941 309 1081 395 pretium
1095 310 1167 375 seris
1181 331 1256 375 aue

156 407 246 470 tum,
273 414 342 461 nnn
369 405 432 459 tam
461 394 660 467 affluentibus
689 398 815 477 divitiis,
845 419 942 481 quarn
974 407 1107 483 urgente
1135 396 1253 481 inopia.

151 474 255 541 -lelo
269 480 354 547 enim
370 478 493 551 Punico
508 483 622 565 primo,
638 505 736 567 quum
752 484 903 564 impensis
919 480 1095 567 respublica
1112 504 1175 545 non
1189 481 1253 547 suf·

152 559 280 640 ficeret,
296 564 475 634 institurum
492 580 526 631 ut
540 591 622 635 asses
635 568 826 637 sextantario
837 568 977 652 pondere
993 567 1173 644 ferirentur,
1186 589 1335 634 ure-Am
1346 602 1399 635 m.

66 654 77 671 '
153 661 256 714 neate
271 648 440 717 tertoribus
456 652 503 717 his
517 653 636 719 assibus
650 654 760 719 eodem
777 655 889 737 pretio,
905 653 992 741 quod
1006 652 1169 717 libralibus
1186 652 1252 717 fuc—
1261 654 1366 699 mm

154 745 221 796 rat.
266 736 393 800 Mutato
418 757 511 800 aerere
538 751 672 802 monetae
704 740 857 823 pondere,
886 752 918 804 et
948 751 1069 803 mutata
1088 753 1164 817 note
1194 750 1252 802 est.

155 816 249 885 Noas
264 823 336 887 teris
351 836 420 887 tutu
437 824 496 893 fair
510 845 550 887 ex
572 824 671 893 altera
691 842 783 908 parte
797 825 902 889 ‹Janus
927 828 1082 910 geminus,
1098 845 1139 887 ex
1152 823 1253 888 altere

25 974 42 995 ο
153 916 296 981 rostrum
321 908 422 975 naris:
446 908 478 971 in
504 909 619 977 triante
643 930 718 972 vero
740 924 771 974 et
792 912 976 995 quadrante,
1000 910 1085 986 ratis,
1110 908 1194 973 unde
1219 919 1252 993 et

151 992 251 1054 ratiti
263 991 424 1058 interdum
438 995 515 1059 dicti
530 1008 613 1070 sunt,
631 1008 708 1059 teste
725 995 829 1060 Festo.

203 1074 318 1142 Postea
332 1079 489 1145 Annibale
505 1092 647 1166 urgente,
659 1080 701 1156 Q.
716 1080 816 1145 Fabio
832 1079 977 1144 Maximo
991 1079 1155 1157 dictatore,
1167 1099 1333 1147 assessus
1344 1112 1388 1144 un.

147 1161 296 1231 unciales
310 1163 403 1231 fecti:
426 1165 482 1229 sed
495 1178 617 1235 mutata
631 1179 678 1231 est
692 1188 803 1231 eorum
824 1168 864 1230 ed
887 1180 1053 1252 argentum
1070 1167 1248 1249 proporti03
1258 1162 1337 1209 Μ

150 1244 338 1334 placuitque
363 1249 527 1319 denarium
553 1252 688 1317 sedecim
715 1254 835 1315 assibus
855 1252 1040 1335 permutari,
1067 1251 1248 1337 quinarium

152 1334 289 1411 octonis,
316 1338 491 1410 sestertium
520 1337 691 1422 quaternis.
738 1337 904 1410 Postremo
933 1360 1014 1401 asses
1044 1337 1249 1401 semunciales
1257 1353 1403 1399 Amem-

143 1415 241 1495 vfacti,
255 1428 321 1504 qu'o
347 1437 411 1487 tem
435 1443 499 1495 ore,
515 1444 579 1507 quo
604 1421 724 1485 ferente
744 1424 856 1522 legem,
877 1422 1052 1486 incertum:
1076 1422 1135 1484 nisi
1162 1423 1249 1509 quod
1257 1416 1370 1465 ⁰⁰⁶³&-

148 1500 287 1569 latorem
304 1506 379 1591 legis
424 1507 560 1589 spirium
582 1507 754 1581 vocitatum
776 1511 869 1570 luisse
883 1521 1016 1585 coastat,
1033 1529 1132 1592 quum
1149 1508 1249 1593 ipsam
1294 1582 1297 1587 Α

151 1586 257 1676 legem
275 1589 397 1657 Plinius
415 1591 573 1676 Papiriam
590 1591 734 1676 appellet
783 1594 845 1658 Sed
860 1604 936 1658 tunc
953 1605 1058 1657 tamen
1070 1604 1190 1655 servate
1199 1603 1248 1657 est

151 1674 265 1741 eadem
279 1698 352 1761 quae
367 1701 386 1743 a
400 1677 485 1743 bello
505 1678 625 1742 Punico
643 1676 783 1745 arundo
806 1678 980 1743 invaluerat
1002 1678 1118 1742 borum
1140 1675 1181 1741 ad
1196 1699 1247 1740 ar·
1265 1718 1269 1723 .

150 1773 286 1842 gentum
300 1761 393 1826 ratio.

142 1900 147 1907 .
197 1845 285 1911 Nota
299 1848 422 1931 argenti
436 1847 524 1914 fuere
537 1848 622 1940 bigas
633 1863 727 1936 atque
737 1849 910 1937 quadriga,
924 1861 956 1913 et
971 1848 1043 1925 inde
1056 1846 1156 1934 bigati
1170 1869 1247 1933 qua·

151 1929 334 2082 driqstique
347 1933 434 1999 dicti.

228 2038 322 2085 ursus
346 2042 497 2089 nummus
521 2034 595 2107 post
617 2044 737 2089 annum
762 2022 935 2086 secundum
961 2033 993 2085 et
1015 2020 1243 2103 sexagesimum
1253 2041 1349 2088 amaa

153 2101 271 2167 Βοωω
283 2126 449 2188 percussus
464 2121 521 2185 est,
536 2129 631 2192 quarn
647 2128 683 2170 ar
706 2120 825 2183 enteus,
843 2108 874 2170 id
890 2121 947 2183 est,
957 2105 1041 2169 bello
1058 2105 1182 2170 Punico
1196 2117 1408 2170 *nummum-

151 2186 269 2265 cando,
287 2189 326 2253 C.
344 2189 480 2255 Claudio
496 2190 636 2270 Nerone,
696 2238 704 2254 .
721 2190 815 2254 Livio
832 2192 875 2257 ll.
890 2189 1089 2270 consulibus:
1113 2203 1244 2275 tumque
1252 2170 1407 2293 ῗῶὼζοδξιέο

150 2272 221 2337 auri
235 2275 474 2358 proportionem
488 2274 529 2340 sd
544 2288 709 2361 argeutum
719 2275 963 2359 quindecuplam
979 2272 1074 2338 fuisse
1084 2296 1125 2339 ex
1138 2274 1304 2340 Pliniowr
1314 2309 1377 2358 sep

150 2357 332 2446 colligitur:
354 2361 409 2428 sed
424 2361 510 2426 brevi
529 2359 664 2444 decupla
685 2360 796 2428 effecta
820 2373 869 2425 est
892 2382 932 2423 ex
958 2359 1134 2424 imitatione
1149 2359 1300 2425 Grae-‘¹¹⁸

149 2466 272 2510 aarum.
317 2446 455 2512 Decimo
469 2447 563 2511 tertio
584 2460 656 2531 post
678 2446 795 2512 bellum
819 2443 1042 2510 Annibalicum
1063 2443 1243 2511 confectum
1251 2464 1405 2511 suumn.

149 2550 235 2594 anno
245 2531 399 2613 jubentur
413 2531 515 2602 AEtali
531 2554 591 2617 pro
605 2534 714 2597 decem
723 2532 881 2617 argenteis
895 2553 995 2595 unum
1004 2551 1136 2595 aureum
1148 2533 1356 2616 πηῷ-ΜΨ
1380 2587 1383 2596 .

150 2635 237 2679 mum
257 2617 407 2701 pendere,
433 2633 467 2682 n
485 2617 582 2686 arsa
606 2617 716 2683 arvus
738 2597 1382 2712 r.xxxv111.a1=.ev0‚ugf,⁰33‘:;3,

150 2701 264 2766 clarius
281 2703 439 2789 Polybius,
456 2705 639 2788 proderem
653 2704 776 2790 argenti
794 2705 886 2767 minis
903 2724 997 2767 arnam
1012 2702 1082 2767 auri
1096 2703 1226 2768 minam.
1249 2719 1290 2778 pra
1300 2718 1388 2778 prmo,

191 2788 336 2853 Aureum
352 2811 518 2856 nummum
534 2791 628 2855 unius·
641 2790 776 2877 generis,
788 2791 883 2856 unius
896 2787 1008 2860 formas
1018 2787 1103 2874 apud
1123 2781 1405 2854 Roma-mim

141 2893 207 2937 ,nos
228 2872 324 2938 fuisse
347 2887 455 2941 censet
481 2876 673 2953 Grouoviut,
688 2891 785 2959 atque
810 2874 881 2946 ideo
906 2897 970 2954 non
997 2873 1129 2959 reperiri
1155 2845 1357 2959 apud⁶⁰⁰⁰p¹²

150 2957 315 3041 scriptores
337 2961 425 3024 varia
445 2982 613 3026 aureorum
641 2962 873 3038 Romanorum,
898 2960 1167 3046 quemadmodum
1189 2974 1401 3024 rer-uersam

149 3056 344 3130 genteoram,
361 3047 500 3121 nomina,
515 3047 591 3132 quia
612 3057 834 3130 argenteorum
856 3046 914 3109 tria
935 3068 1053 3133 genera
1066 3057 1167 3121 erant,
1183 3038 1288 3146 delli&
1301 3038 1349 3086 ¹¹¹·
1362 3053 1383 3085 θ’

148 3129 266 3206 narius,
282 3130 456 3213 quinarius,
472 3131 649 3206 setterduar
671 3151 841 3196 aureorum
858 3151 968 3193 unum.

191 3213 291 3299 Cujus
315 3215 465 3299 ponderis
489 3237 604 3286 eureus
632 3236 783 3278 nummus
805 3214 910 3298 primo
936 3214 1049 3279 Romae
1073 3235 1239 3297 percussus

149 3296 250 3386 tqsrit,
267 3322 364 3384 quum
386 3300 601 3387 quiadecapla
614 3304 683 3371 auri
705 3299 745 3366 ad
767 3312 934 3383 argentum
949 3301 1115 3382 proportio
1130 3300 1162 3362 in
1179 3291 1240 3366 usu

149 3397 223 3461 erat,
238 3405 304 3449 non
319 3387 503 3471 reperimus.
549 3387 613 3452 Sed
635 3385 713 3458 illud
734 3383 897 3470 perbreve,
914 3398 950 3447 ut
971 3383 1067 3448 modo
1087 3383 1237 3463 diximus,

149 3469 345 3536 intervallum
370 3471 449 3538 brit:
471 3484 545 3557 post
568 3471 654 3559 quod
670 3474 802 3554 plausit,
828 3468 929 3555 inquit
953 3469 1083 3547 Plinius,
1100 3472 1400 3556 quadra-manumet

175 3554 181 3568 ⁸
247 3575 394 3620 nummos
408 3560 530 3641 agauri
543 3580 581 3622 ea
595 3560 667 3622 auri
682 3557 778 3624 libras.
824 3557 878 3621 Sic
892 3556 975 3620 enim
988 3556 1155 3642 legendum
1172 3550 1340 3656 essefflffl
1350 3550 1383 3594 ¹¹·

170 3660 231 3714 auc
247 3639 345 3705 Plinii
359 3641 464 3708 locum
486 3642 653 3718 credimus,
669 3656 706 3706 ut
719 3654 753 3710 et
773 3640 891 3714 habent
906 3641 1027 3727 aliquot
1042 3641 1144 3707 MSS.
1159 3654 1307 3720 testem,
1318 3675 1378 3723 Μ

151 3723 198 3789 Cl.
214 3721 396 3804 Harduino,
412 3728 554 3812 quamvis
569 3729 634 3810 ipse
648 3727 742 3792 aliam
755 3726 923 3798 lectionem
934 3726 1234 3810 magisprobaverit,

151 3811 226 3874 etin
247 3822 434 3878 contextum
456 3814 626 3880 miminerit.
671 3811 782 3888 Quum
806 3812 902 3898 igitur
924 3811 1135 3910 quadraginta
1148 3815 1235 3877 aurei

150 3917 187 3962 ex
198 3896 287 3961 libris
301 3898 404 3962 aureis
419 3899 628 3984 signarentur,
641 3898 668 3964 si
683 3911 810 3962 centum
822 3896 943 3961 denarii
959 3895 992 3958 in
1008 3895 1120 3964 libram
1132 3896 1236 3982 impu·

150 3993 259 4061 tentur,
355 3984 419 4048 itur
442 4005 571 4048 aureum
592 4005 761 4048 nummum
778 3982 877 4047 duinn
900 3981 1104 4052 denariorum
1118 3998 1150 4045 et
1164 3983 1235 4068 qui·

149 4069 223 4133 uarii
237 4091 303 4155 pon
328 4092 364 4134 us
377 4092 529 4156 oequasse.
572 4072 680 4170 Atque
702 4070 763 4134 boc
785 4067 911 4155 quidem
933 4068 1073 4152 perbene
1087 4068 1236 4134 convenit

141 4173 216 4220 aaut
228 4169 384 4240 perpetua
397 4156 484 4222 aurei
497 4156 636 4222 Romam
645 4154 866 4231 estimatione,
878 4174 973 4239 quem
983 4165 1103 4218 veteres
1116 4176 1234 4243 magno
1242 4172 1338 4217 sam
1349 4168 1397 4217 ns

150 4259 296 4309 mntsusu
310 4241 422 4330 riginti
437 4242 578 4330 quinque
589 4240 728 4307 denariis
745 4239 901 4329 argenteis
922 4237 1056 4316 valuisse
1068 4246 1382 4307 tesnnturffflwwt·

664 4335 721 4394 03
1240 4296 1390 4347 lumb-des

797 4425 801 4434 ⁸
995 4381 1007 4404 ⁴
1241 4374 1292 4410 w·
