<?xml version="1.0" encoding="UTF-8"?>
<!DOCTYPE html PUBLIC "-//W3C//DTD XHTML 1.0 Transitional//EN"
    "http://www.w3.org/TR/xhtml1/DTD/xhtml1-transitional.dtd">
<html xmlns="http://www.w3.org/1999/xhtml" xml:lang="en" lang="en">
 <head>
  <title>
</title>
<meta http-equiv="Content-Type" content="text/html;charset=utf-8" />
  <meta name='ocr-system' content='tesseract 3.04.00' />
  <meta name='ocr-capabilities' content='ocr_page ocr_carea ocr_par ocr_line ocrx_word'/>
</head>
<body>
  <div class='ocr_page' id='page_1' title='image "./tliviipatavinih05crevgoog/tliviipatavinih05crevgoog_0258.png"; bbox 0 0 2942 4750; ppageno 0'>
   <div class='ocr_carea' id='block_1_1' title="bbox 266 218 929 302">
    <p class='ocr_par' dir='ltr' id='par_1_1' title="bbox 266 218 929 302">
     <span class='ocr_line' id='line_1_1' title="bbox 266 218 929 302; baseline 0.002 -18"><span class='ocrx_word' id='word_1_1' title='bbox 266 228 325 284; x_wconf 76' lang='lat' dir='ltr'><em>em</em></span> <span class='ocrx_word' id='word_1_2' title='bbox 395 294 399 302; x_wconf 16' lang='grc' dir='ltr'><strong>Δ</strong></span> <span class='ocrx_word' id='word_1_3' title='bbox 689 218 929 285; x_wconf 62' lang='lat' dir='ltr'><em>eunoun</em></span> 
     </span>
    </p>
   </div>
   <div class='ocr_carea' id='block_1_2' title="bbox 270 382 1455 477">
    <p class='ocr_par' dir='ltr' id='par_1_2' title="bbox 270 382 1455 477">
     <span class='ocr_line' id='line_1_2' title="bbox 270 382 1455 477; baseline 0.003 -24"><span class='ocrx_word' id='word_1_4' title='bbox 270 389 383 453; x_wconf 81' lang='lat' dir='ltr'><em>leuiora</em></span> <span class='ocrx_word' id='word_1_5' title='bbox 397 389 511 452; x_wconf 76' lang='lat' dir='ltr'><em>danem</em></span> <span class='ocrx_word' id='word_1_6' title='bbox 526 388 724 455; x_wconf 69' lang='lat' dir='ltr'><em>obsidentium</em></span> <span class='ocrx_word' id='word_1_7' title='bbox 738 382 852 457; x_wconf 85' lang='lat' dir='ltr'><em>intulit.</em></span> <span class='ocrx_word' id='word_1_8' title='bbox 895 394 1057 456; x_wconf 78' lang='lat' dir='ltr'><em>Pratema</em></span> <span class='ocrx_word' id='word_1_9' title='bbox 1071 392 1111 456; x_wconf 81' lang='lat' dir='ltr'><em>al</em></span> <span class='ocrx_word' id='word_1_10' title='bbox 1127 393 1256 458; x_wconf 74' lang='lat' dir='ltr'><em>Cretione</em></span> <span class='ocrx_word' id='word_1_11' title='bbox 1262 415 1341 477; x_wconf 87' lang='lat' dir='ltr'><em>pro-</em></span> <span class='ocrx_word' id='word_1_12' title='bbox 1446 384 1455 403; x_wconf 80' lang='lat'><strong><em>‘</em></strong></span> 
     </span>
    </p>
   </div>
   <div class='ocr_carea' id='block_1_3' title="bbox 268 476 1387 732">
    <p class='ocr_par' dir='ltr' id='par_1_3' title="bbox 268 476 1387 732">
     <span class='ocr_line' id='line_1_3' title="bbox 270 476 1387 562; baseline 0.002 -23"><span class='ocrx_word' id='word_1_13' title='bbox 270 478 389 539; x_wconf 85' lang='lat' dir='ltr'><em>consule</em></span> <span class='ocrx_word' id='word_1_14' title='bbox 400 478 433 540; x_wconf 89' lang='lat' dir='ltr'><em>in</em></span> <span class='ocrx_word' id='word_1_15' title='bbox 448 476 582 539; x_wconf 69' lang='lat' dir='ltr'><em>Thracia</em></span> <span class='ocrx_word' id='word_1_16' title='bbox 593 486 748 562; x_wconf 84' lang='lat' dir='ltr'><em>resgestas</em></span> <span class='ocrx_word' id='word_1_17' title='bbox 756 478 900 543; x_wconf 80' lang='lat' dir='ltr'><em>adversus</em></span> <span class='ocrx_word' id='word_1_18' title='bbox 910 481 1093 557; x_wconf 76' lang='lat' dir='ltr'><em>Dardanos,</em></span> <span class='ocrx_word' id='word_1_19' title='bbox 1106 490 1137 544; x_wconf 92' lang='lat' dir='ltr'><em>et</em></span> <span class='ocrx_word' id='word_1_20' title='bbox 1149 480 1196 555; x_wconf 75' lang='lat' dir='ltr'><em>Q.</em></span> <span class='ocrx_word' id='word_1_21' title='bbox 1206 481 1343 546; x_wconf 86' lang='lat' dir='ltr'><em>Sertorii</em></span> <span class='ocrx_word' id='word_1_22' title='bbox 1382 522 1387 541; x_wconf 54' lang='lat'><strong><em>1</em></strong></span> 
     </span>
     <span class='ocr_line' id='line_1_4' title="bbox 268 563 1342 649; baseline 0.007 -24"><span class='ocrx_word' id='word_1_23' title='bbox 268 565 367 626; x_wconf 88' lang='lat' dir='ltr'><em>multa</em></span> <span class='ocrx_word' id='word_1_24' title='bbox 380 564 518 626; x_wconf 78' lang='lat' dir='ltr'><em>crudelia</em></span> <span class='ocrx_word' id='word_1_25' title='bbox 532 563 565 624; x_wconf 87' lang='lat' dir='ltr'><em>in</em></span> <span class='ocrx_word' id='word_1_26' title='bbox 584 564 749 647; x_wconf 79' lang='lat' dir='ltr'><em>suassaeta</em></span> <span class='ocrx_word' id='word_1_27' title='bbox 758 566 905 637; x_wconf 86' lang='lat' dir='ltr'><em>continet,·</em></span> <span class='ocrx_word' id='word_1_28' title='bbox 929 568 984 649; x_wconf 88' lang='lat' dir='ltr'><em>qni</em></span> <span class='ocrx_word' id='word_1_29' title='bbox 994 568 1298 649; x_wconf 82' lang='lat' dir='ltr'><em>plurimoe&#39;ecamieis</em></span> <span class='ocrx_word' id='word_1_30' title='bbox 1308 578 1342 632; x_wconf 81' lang='lat' dir='ltr'><em>ec</em></span> 
     </span>
     <span class='ocr_line' id='line_1_5' title="bbox 269 648 1250 732; baseline 0.004 -20"><span class='ocrx_word' id='word_1_31' title='bbox 269 670 365 713; x_wconf 83' lang='lat' dir='ltr'><em>secrrm</em></span> <span class='ocrx_word' id='word_1_32' title='bbox 374 648 561 731; x_wconf 66' lang='lat' dir='ltr'><em>proscriptis,</em></span> <span class='ocrx_word' id='word_1_33' title='bbox 575 650 701 714; x_wconf 88' lang='lat' dir='ltr'><em>crimine</em></span> <span class='ocrx_word' id='word_1_34' title='bbox 710 651 897 732; x_wconf 77' lang='lat' dir='ltr'><em>proditionis</em></span> <span class='ocrx_word' id='word_1_35' title='bbox 910 651 1110 732; x_wconf 82' lang='lat' dir='ltr'><em>insimulatos,</em></span> <span class='ocrx_word' id='word_1_36' title='bbox 1127 655 1250 718; x_wconf 83' lang='lat' dir='ltr'><em>occidit.</em></span> 
     </span>
    </p>
   </div>
   <div class='ocr_carea' id='block_1_4' title="bbox 722 855 887 940">
    <p class='ocr_par' dir='ltr' id='par_1_4' title="bbox 722 855 887 940">
     <span class='ocr_line' id='line_1_6' title="bbox 722 855 887 940; baseline 0 -2"><span class='ocrx_word' id='word_1_37' title='bbox 722 855 887 940; x_wconf 87' lang='lat' dir='ltr'><strong>XCIII.</strong></span> 
     </span>
    </p>
   </div>
   <div class='ocr_carea' id='block_1_5' title="bbox 254 1015 1338 2046">
    <p class='ocr_par' dir='ltr' id='par_1_5' title="bbox 254 1015 1338 2046">
     <span class='ocr_line' id='line_1_7' title="bbox 311 1015 1335 1107; baseline 0.007 -28"><span class='ocrx_word' id='word_1_38' title='bbox 311 1017 352 1079; x_wconf 86' lang='lat' dir='ltr'><em>P.</em></span> <span class='ocrx_word' id='word_1_39' title='bbox 368 1015 517 1080; x_wconf 78' lang='lat' dir='ltr'><em>Seruilius</em></span> <span class='ocrx_word' id='word_1_40' title='bbox 531 1017 692 1098; x_wconf 88' lang='lat' dir='ltr'><em>proconsul</em></span> <span class='ocrx_word' id='word_1_41' title='bbox 704 1016 737 1079; x_wconf 89' lang='lat' dir='ltr'><em>in</em></span> <span class='ocrx_word' id='word_1_42' title='bbox 755 1018 869 1082; x_wconf 87' lang='lat' dir='ltr'><em>Cilicia</em></span> <span class='ocrx_word' id='word_1_43' title='bbox 883 1018 1008 1082; x_wconf 87' lang='lat' dir='ltr'><em>Isauras</em></span> <span class='ocrx_word' id='word_1_44' title='bbox 1022 1020 1150 1096; x_wconf 83' lang='lat' dir='ltr'><em>domuit,</em></span> <span class='ocrx_word' id='word_1_45' title='bbox 1170 1029 1202 1084; x_wconf 87' lang='lat' dir='ltr'><em>et</em></span> <span class='ocrx_word' id='word_1_46' title='bbox 1215 1022 1335 1107; x_wconf 79' lang='lat' dir='ltr'><strong><em>aliquot</em></strong></span> 
     </span>
     <span class='ocr_line' id='line_1_8' title="bbox 268 1102 1338 1190; baseline 0.007 -26"><span class='ocrx_word' id='word_1_47' title='bbox 268 1102 355 1166; x_wconf 81' lang='lat' dir='ltr'><em>urbes</em></span> <span class='ocrx_word' id='word_1_48' title='bbox 373 1103 552 1185; x_wconf 83' lang='lat' dir='ltr'><em>piratarum</em></span> <span class='ocrx_word' id='word_1_49' title='bbox 573 1104 768 1188; x_wconf 80' lang='lat' dir='ltr'><em>ecpugnaoit.</em></span> <span class='ocrx_word' id='word_1_50' title='bbox 814 1104 1000 1181; x_wconf 76' lang='lat' dir='ltr'><strong><em>Nicomedes,</em></strong></span> <span class='ocrx_word' id='word_1_51' title='bbox 1017 1105 1175 1190; x_wconf 68' lang='lat' dir='ltr'><em>Butpniae</em></span> <span class='ocrx_word' id='word_1_52' title='bbox 1192 1129 1257 1185; x_wconf 80' lang='lat' dir='ltr'><em>rer,</em></span> <span class='ocrx_word' id='word_1_53' title='bbox 1273 1129 1338 1172; x_wconf 89' lang='lat' dir='ltr'><em>mo·</em></span> 
     </span>
     <span class='ocr_line' id='line_1_9' title="bbox 267 1187 1336 1278; baseline 0.007 -26"><span class='ocrx_word' id='word_1_54' title='bbox 267 1192 351 1252; x_wconf 83' lang='lat' dir='ltr'><em>rieru</em></span> <span class='ocrx_word' id='word_1_55' title='bbox 373 1187 520 1270; x_wconf 87' lang='lat' dir='ltr'><em>populum</em></span> <span class='ocrx_word' id='word_1_56' title='bbox 541 1189 713 1252; x_wconf 84' lang='lat' dir='ltr'><em>Romanum</em></span> <span class='ocrx_word' id='word_1_57' title='bbox 722 1189 808 1272; x_wconf 89' lang='lat' dir='ltr'><em>fecit</em></span> <span class='ocrx_word' id='word_1_58' title='bbox 827 1190 985 1267; x_wconf 53' lang='lat' dir='ltr'><em>laneum,</em></span> <span class='ocrx_word' id='word_1_59' title='bbox 1008 1213 1189 1277; x_wconf 77' lang='lat' dir='ltr'><em>regnumque</em></span> <span class='ocrx_word' id='word_1_60' title='bbox 1208 1194 1282 1278; x_wconf 69' lang='lat' dir='ltr'><em>qjue·</em></span> <span class='ocrx_word' id='word_1_61' title='bbox 1301 1197 1336 1259; x_wconf 87' lang='lat' dir='ltr'><em>in</em></span> 
     </span>
     <span class='ocr_line' id='line_1_10' title="bbox 262 1275 1336 1358; baseline 0.007 -21"><span class='ocrx_word' id='word_1_62' title='bbox 262 1277 574 1358; x_wconf 81' lang='lat' dir='ltr'><em>prouincioeformam</em></span> <span class='ocrx_word' id='word_1_63' title='bbox 587 1278 739 1339; x_wconf 90' lang='lat' dir='ltr'><em>redactum</em></span> <span class='ocrx_word' id='word_1_64' title='bbox 750 1286 803 1339; x_wconf 88' lang='lat' dir='ltr'><em>est.</em></span> <span class='ocrx_word' id='word_1_65' title='bbox 833 1276 1041 1354; x_wconf 80' lang='lat' dir='ltr'><em>Mithridates,</em></span> <span class='ocrx_word' id='word_1_66' title='bbox 1056 1275 1176 1357; x_wconf 74' lang='lat' dir='ltr'><em>fudere</em></span> <span class='ocrx_word' id='word_1_67' title='bbox 1189 1302 1256 1343; x_wconf 89' lang='lat' dir='ltr'><em>eum</em></span> <span class='ocrx_word' id='word_1_68' title='bbox 1266 1282 1336 1345; x_wconf 88' lang='lat' dir='ltr'><em>Ser·</em></span> 
     </span>
     <span class='ocr_line' id='line_1_11' title="bbox 267 1360 1338 1446; baseline 0.007 -23"><span class='ocrx_word' id='word_1_69' title='bbox 267 1361 346 1423; x_wconf 91' lang='lat' dir='ltr'><em>torio</em></span> <span class='ocrx_word' id='word_1_70' title='bbox 367 1362 435 1437; x_wconf 90' lang='lat' dir='ltr'><em>icto,</em></span> <span class='ocrx_word' id='word_1_71' title='bbox 451 1360 558 1425; x_wconf 82' lang='lat' dir='ltr'><em>bellum</em></span> <span class='ocrx_word' id='word_1_72' title='bbox 577 1363 694 1445; x_wconf 87' lang='lat' dir='ltr'><em>populo</em></span> <span class='ocrx_word' id='word_1_73' title='bbox 708 1362 851 1425; x_wconf 86' lang='lat' dir='ltr'><em>Romano</em></span> <span class='ocrx_word' id='word_1_74' title='bbox 866 1364 981 1428; x_wconf 86' lang='lat' dir='ltr'><em>intulit.</em></span> <span class='ocrx_word' id='word_1_75' title='bbox 1025 1362 1207 1446; x_wconf 86' lang='lat' dir='ltr'><em>Adparatus</em></span> <span class='ocrx_word' id='word_1_76' title='bbox 1224 1369 1338 1431; x_wconf 85' lang='lat' dir='ltr'><em>deinde</em></span> 
     </span>
     <span class='ocr_line' id='line_1_12' title="bbox 266 1449 1337 1537; baseline 0.007 -27"><span class='ocrx_word' id='word_1_77' title='bbox 266 1449 422 1531; x_wconf 87' lang='lat' dir='ltr'><em>regiarum</em></span> <span class='ocrx_word' id='word_1_78' title='bbox 436 1449 591 1530; x_wconf 89' lang='lat' dir='ltr'><em>copiarum</em></span> <span class='ocrx_word' id='word_1_79' title='bbox 605 1450 791 1530; x_wconf 78' lang='lat' dir='ltr'><em>pedestrium</em></span> <span class='ocrx_word' id='word_1_80' title='bbox 805 1451 1036 1533; x_wconf 81' lang='lat' dir='ltr'><em>navaliumque.-</em></span> <span class='ocrx_word' id='word_1_81' title='bbox 1059 1460 1098 1526; x_wconf 92' lang='lat' dir='ltr'><em>et,</em></span> <span class='ocrx_word' id='word_1_82' title='bbox 1115 1462 1262 1537; x_wconf 89' lang='lat' dir='ltr'><em>occupata</em></span> <span class='ocrx_word' id='word_1_83' title='bbox 1276 1454 1337 1523; x_wconf 89' lang='lat' dir='ltr'><em>Bi-</em></span> 
     </span>
     <span class='ocr_line' id='line_1_13' title="bbox 267 1533 1338 1621; baseline 0.006 -24"><span class='ocrx_word' id='word_1_84' title='bbox 267 1534 388 1618; x_wconf 77' lang='lat' dir='ltr'><em>thynia,</em></span> <span class='ocrx_word' id='word_1_85' title='bbox 404 1534 455 1597; x_wconf 92' lang='lat' dir='ltr'><em>M.</em></span> <span class='ocrx_word' id='word_1_86' title='bbox 470 1533 615 1598; x_wconf 80' lang='lat' dir='ltr'><em>Aurelius</em></span> <span class='ocrx_word' id='word_1_87' title='bbox 632 1534 721 1599; x_wconf 89' lang='lat' dir='ltr'><em>Cotta</em></span> <span class='ocrx_word' id='word_1_88' title='bbox 746 1537 849 1598; x_wconf 86' lang='lat' dir='ltr'><em>consul</em></span> <span class='ocrx_word' id='word_1_89' title='bbox 870 1537 914 1598; x_wconf 92' lang='lat' dir='ltr'><em>ad</em></span> <span class='ocrx_word' id='word_1_90' title='bbox 937 1537 1153 1600; x_wconf 76' lang='lat' dir='ltr'><em>Chalcedonam</em></span> <span class='ocrx_word' id='word_1_91' title='bbox 1175 1541 1290 1621; x_wconf 88' lang='lat' dir='ltr'><em>proelia</em></span> <span class='ocrx_word' id='word_1_92' title='bbox 1315 1561 1338 1603; x_wconf 87' lang='lat' dir='ltr'><em>a</em></span> 
     </span>
     <span class='ocr_line' id='line_1_14' title="bbox 266 1619 1336 1704; baseline 0.007 -22"><span class='ocrx_word' id='word_1_93' title='bbox 266 1641 339 1704; x_wconf 85' lang='lat' dir='ltr'><em>rege</em></span> <span class='ocrx_word' id='word_1_94' title='bbox 353 1623 450 1685; x_wconf 84' lang='lat' dir='ltr'><em>vietus</em></span> <span class='ocrx_word' id='word_1_95' title='bbox 460 1629 513 1683; x_wconf 85' lang='lat' dir='ltr'><em>est.</em></span> <span class='ocrx_word' id='word_1_96' title='bbox 535 1622 658 1703; x_wconf 72' lang='lat' dir='ltr'><em>“resque</em></span> <span class='ocrx_word' id='word_1_97' title='bbox 672 1641 693 1683; x_wconf 92' lang='lat' dir='ltr'><em>a</em></span> <span class='ocrx_word' id='word_1_98' title='bbox 707 1622 853 1702; x_wconf 86' lang='lat' dir='ltr'><em>Pompeio</em></span> <span class='ocrx_word' id='word_1_99' title='bbox 875 1631 904 1684; x_wconf 92' lang='lat' dir='ltr'><em>et</em></span> <span class='ocrx_word' id='word_1_100' title='bbox 928 1619 1058 1686; x_wconf 89' lang='lat' dir='ltr'><em>Metella</em></span> <span class='ocrx_word' id='word_1_101' title='bbox 1077 1625 1220 1688; x_wconf 72' lang='lat' dir='ltr'><em>odonna</em></span> <span class='ocrx_word' id='word_1_102' title='bbox 1233 1626 1336 1690; x_wconf 88' lang='lat' dir='ltr'><em>Serto·</em></span> 
     </span>
     <span class='ocr_line' id='line_1_15' title="bbox 268 1707 1336 1793; baseline 0.004 -23"><span class='ocrx_word' id='word_1_103' title='bbox 268 1708 351 1771; x_wconf 87' lang='lat' dir='ltr'><em>rium</em></span> <span class='ocrx_word' id='word_1_104' title='bbox 361 1715 461 1790; x_wconf 86' lang='lat' dir='ltr'><em>gestas</em></span> <span class='ocrx_word' id='word_1_105' title='bbox 470 1707 623 1778; x_wconf 78' lang='lat' dir='ltr'><em>continet,·</em></span> <span class='ocrx_word' id='word_1_106' title='bbox 648 1709 702 1788; x_wconf 87' lang='lat' dir='ltr'><em>qui</em></span> <span class='ocrx_word' id='word_1_107' title='bbox 716 1708 852 1771; x_wconf 85' lang='lat' dir='ltr'><em>omnibus</em></span> <span class='ocrx_word' id='word_1_108' title='bbox 865 1707 937 1771; x_wconf 86' lang='lat' dir='ltr'><em>belli</em></span> <span class='ocrx_word' id='word_1_109' title='bbox 950 1710 1130 1793; x_wconf 77' lang='lat' dir='ltr'><em>militiaque</em></span> <span class='ocrx_word' id='word_1_110' title='bbox 1142 1710 1261 1775; x_wconf 82' lang='lat' dir='ltr'><em>artibus</em></span> <span class='ocrx_word' id='word_1_111' title='bbox 1268 1730 1336 1793; x_wconf 89' lang='lat' dir='ltr'><em>par</em></span> 
     </span>
     <span class='ocr_line' id='line_1_16' title="bbox 254 1792 1336 1882; baseline 0.006 -27"><span class='ocrx_word' id='word_1_112' title='bbox 254 1792 336 1875; x_wconf 88' lang='lat' dir='ltr'><em>fuit.</em></span> <span class='ocrx_word' id='word_1_113' title='bbox 352 1814 426 1877; x_wconf 87' lang='lat' dir='ltr'><em>quos</em></span> <span class='ocrx_word' id='word_1_114' title='bbox 437 1795 539 1869; x_wconf 89' lang='lat' dir='ltr'><em>etiam,</em></span> <span class='ocrx_word' id='word_1_115' title='bbox 555 1792 594 1856; x_wconf 83' lang='lat' dir='ltr'><em>al</em></span> <span class='ocrx_word' id='word_1_116' title='bbox 608 1792 758 1856; x_wconf 82' lang='lat' dir='ltr'><em>obsidione</em></span> <span class='ocrx_word' id='word_1_117' title='bbox 768 1795 949 1876; x_wconf 80' lang='lat' dir='ltr'><em>Calagurris</em></span> <span class='ocrx_word' id='word_1_118' title='bbox 958 1796 1068 1877; x_wconf 78' lang='lat' dir='ltr'><em>oppidi</em></span> <span class='ocrx_word' id='word_1_119' title='bbox 1082 1798 1226 1878; x_wconf 82' lang='lat' dir='ltr'><em>depulsos,</em></span> <span class='ocrx_word' id='word_1_120' title='bbox 1241 1798 1336 1882; x_wconf 79' lang='lat' dir='ltr'><em>coigit</em></span> 
     </span>
     <span class='ocr_line' id='line_1_17' title="bbox 267 1878 1335 1966; baseline 0.007 -26"><span class='ocrx_word' id='word_1_121' title='bbox 267 1880 405 1944; x_wconf 83' lang='lat' dir='ltr'><em>diversus</em></span> <span class='ocrx_word' id='word_1_122' title='bbox 415 1880 549 1962; x_wconf 76' lang='lat' dir='ltr'><em>regiones</em></span> <span class='ocrx_word' id='word_1_123' title='bbox 555 1888 672 1961; x_wconf 88' lang='lat' dir='ltr'><em>petere,</em></span> <span class='ocrx_word' id='word_1_124' title='bbox 686 1878 843 1942; x_wconf 85' lang='lat' dir='ltr'><em>Metellum</em></span> <span class='ocrx_word' id='word_1_125' title='bbox 852 1879 1023 1944; x_wconf 84' lang='lat' dir='ltr'><em>ulteriorem</em></span> <span class='ocrx_word' id='word_1_126' title='bbox 1035 1882 1335 1966; x_wconf 60' lang='lat' dir='ltr'><em>Hispaniamfflom·</em></span> 
     </span>
     <span class='ocr_line' id='line_1_18' title="bbox 262 1965 535 2046; baseline 0.011 -21"><span class='ocrx_word' id='word_1_127' title='bbox 262 1966 371 2046; x_wconf 90' lang='lat' dir='ltr'><em>peium</em></span> <span class='ocrx_word' id='word_1_128' title='bbox 388 1965 535 2028; x_wconf 87' lang='lat' dir='ltr'><em>Galliam.</em></span> 
     </span>
    </p>
   </div>
   <div class='ocr_carea' id='block_1_6' title="bbox 720 2112 944 2206">
    <p class='ocr_par' dir='ltr' id='par_1_6' title="bbox 720 2112 944 2206">
     <span class='ocr_line' id='line_1_19' title="bbox 720 2112 944 2206; baseline 0.009 -2"><span class='ocrx_word' id='word_1_129' title='bbox 720 2121 880 2206; x_wconf 88' lang='lat' dir='ltr'><strong>XCIV.</strong></span> <span class='ocrx_word' id='word_1_130' title='bbox 942 2112 944 2117; x_wconf 56' lang='grc'>’</span> 
     </span>
    </p>
   </div>
   <div class='ocr_carea' id='block_1_7' title="bbox 283 2261 1435 2355">
    <p class='ocr_par' dir='ltr' id='par_1_7' title="bbox 283 2261 1435 2355">
     <span class='ocr_line' id='line_1_20' title="bbox 283 2261 1435 2355; baseline 0.003 -27"><span class='ocrx_word' id='word_1_131' title='bbox 283 2261 287 2269; x_wconf 81' lang='lat'>&#39;</span> <span class='ocrx_word' id='word_1_132' title='bbox 309 2264 373 2328; x_wconf 82' lang='lat' dir='ltr'><em>⁴⁸L.</em></span> <span class='ocrx_word' id='word_1_133' title='bbox 393 2263 526 2329; x_wconf 88' lang='lat' dir='ltr'><em>Licinius</em></span> <span class='ocrx_word' id='word_1_134' title='bbox 540 2265 687 2329; x_wconf 78' lang='lat' dir='ltr'><em>Lucullus</em></span> <span class='ocrx_word' id='word_1_135' title='bbox 711 2266 813 2331; x_wconf 77' lang='lat' dir='ltr'><em>round</em></span> <span class='ocrx_word' id='word_1_136' title='bbox 836 2269 978 2332; x_wconf 87' lang='lat' dir='ltr'><em>adversus</em></span> <span class='ocrx_word' id='word_1_137' title='bbox 993 2267 1208 2333; x_wconf 77' lang='lat' dir='ltr'><em>Mithridatem</em></span> <span class='ocrx_word' id='word_1_138' title='bbox 1231 2292 1335 2355; x_wconf 80' lang='lat' dir='ltr'><em>eques-</em></span> <span class='ocrx_word' id='word_1_139' title='bbox 1428 2278 1435 2295; x_wconf 84' lang='lat'><strong>‘</strong></span> 
     </span>
    </p>
   </div>
   <div class='ocr_carea' id='block_1_8' title="bbox 263 2348 1335 2844">
    <p class='ocr_par' dir='ltr' id='par_1_8' title="bbox 263 2348 1335 2844">
     <span class='ocr_line' id='line_1_21' title="bbox 267 2348 1335 2442; baseline 0.007 -28"><span class='ocrx_word' id='word_1_140' title='bbox 267 2349 358 2415; x_wconf 77' lang='lat' dir='ltr'><em>tribus</em></span> <span class='ocrx_word' id='word_1_141' title='bbox 368 2352 492 2435; x_wconf 87' lang='lat' dir='ltr'><em>praeliis</em></span> <span class='ocrx_word' id='word_1_142' title='bbox 497 2348 635 2434; x_wconf 76' lang='lat' dir='ltr'><em>feliciter</em></span> <span class='ocrx_word' id='word_1_143' title='bbox 642 2353 809 2440; x_wconf 84' lang='lat' dir='ltr'><em>pugnavit,</em></span> <span class='ocrx_word' id='word_1_144' title='bbox 822 2364 851 2418; x_wconf 88' lang='lat' dir='ltr'><em>et</em></span> <span class='ocrx_word' id='word_1_145' title='bbox 865 2356 1068 2435; x_wconf 73' lang='lat' dir='ltr'><em>expeditiones</em></span> <span class='ocrx_word' id='word_1_146' title='bbox 1081 2356 1197 2441; x_wconf 84' lang='lat' dir='ltr'><em>aliquot</em></span> <span class='ocrx_word' id='word_1_147' title='bbox 1204 2378 1335 2442; x_wconf 87' lang='lat' dir='ltr'><em>prospe-</em></span> 
     </span>
     <span class='ocr_line' id='line_1_22' title="bbox 264 2439 1332 2525; baseline 0.007 -24"><span class='ocrx_word' id='word_1_148' title='bbox 264 2458 318 2502; x_wconf 86' lang='lat' dir='ltr'><em>ras</em></span> <span class='ocrx_word' id='word_1_149' title='bbox 333 2439 428 2523; x_wconf 73' lang='lat' dir='ltr'><em>ficit,</em></span> <span class='ocrx_word' id='word_1_150' title='bbox 452 2451 662 2524; x_wconf 83' lang='lat' dir='ltr'><em>poscentesque</em></span> <span class='ocrx_word' id='word_1_151' title='bbox 681 2461 817 2525; x_wconf 79' lang='lat' dir='ltr'><em>pugream</em></span> <span class='ocrx_word' id='word_1_152' title='bbox 841 2443 953 2505; x_wconf 84' lang='lat' dir='ltr'><em>milites</em></span> <span class='ocrx_word' id='word_1_153' title='bbox 978 2463 998 2505; x_wconf 92' lang='lat' dir='ltr'><em>a</em></span> <span class='ocrx_word' id='word_1_154' title='bbox 1021 2444 1166 2507; x_wconf 84' lang='lat' dir='ltr'><em>seditione</em></span> <span class='ocrx_word' id='word_1_155' title='bbox 1191 2444 1332 2510; x_wconf 82' lang='lat' dir='ltr'><em>inhibuit.</em></span> 
     </span>
     <span class='ocr_line' id='line_1_23' title="bbox 265 2525 1331 2612; baseline 0.008 -24"><span class='ocrx_word' id='word_1_156' title='bbox 265 2525 443 2603; x_wconf 72' lang='lat' dir='ltr'><em>Deiotarum,</em></span> <span class='ocrx_word' id='word_1_157' title='bbox 476 2526 689 2612; x_wconf 83' lang='lat' dir='ltr'><em>Gallogrcciee</em></span> <span class='ocrx_word' id='word_1_158' title='bbox 720 2527 893 2605; x_wconf 77' lang='lat' dir='ltr'><em>tetrarches,</em></span> <span class='ocrx_word' id='word_1_159' title='bbox 915 2530 936 2563; x_wconf 86' lang='lat'><em>⁴⁷</em></span> <span class='ocrx_word' id='word_1_160' title='bbox 942 2529 1099 2612; x_wconf 70' lang='lat' dir='ltr'><em>praefectos</em></span> <span class='ocrx_word' id='word_1_161' title='bbox 1126 2530 1331 2610; x_wconf 75' lang='lat' dir='ltr'><em>Mithridatis,</em></span> 
     </span>
     <span class='ocr_line' id='line_1_24' title="bbox 264 2609 1333 2697; baseline 0.011 -24"><span class='ocrx_word' id='word_1_162' title='bbox 264 2609 375 2674; x_wconf 81' lang='lat' dir='ltr'><em>bellum</em></span> <span class='ocrx_word' id='word_1_163' title='bbox 403 2615 437 2674; x_wconf 91' lang='lat' dir='ltr'><em>in</em></span> <span class='ocrx_word' id='word_1_164' title='bbox 462 2613 607 2697; x_wconf 74' lang='lat' dir='ltr'><em>Phrygia</em></span> <span class='ocrx_word' id='word_1_165' title='bbox 632 2624 791 2688; x_wconf 85' lang='lat' dir='ltr'><em>moventes,</em></span> <span class='ocrx_word' id='word_1_166' title='bbox 816 2616 935 2678; x_wconf 89' lang='lat' dir='ltr'><em>cecidit.</em></span> <span class='ocrx_word' id='word_1_167' title='bbox 978 2616 1140 2680; x_wconf 84' lang='lat' dir='ltr'><em>Praeterea</em></span> <span class='ocrx_word' id='word_1_168' title='bbox 1164 2639 1213 2682; x_wconf 84' lang='lat' dir='ltr'><em>res</em></span> <span class='ocrx_word' id='word_1_169' title='bbox 1237 2640 1259 2680; x_wconf 92' lang='lat' dir='ltr'><em>a</em></span> <span class='ocrx_word' id='word_1_170' title='bbox 1274 2619 1333 2685; x_wconf 84' lang='lat' dir='ltr'><em>Cn.</em></span> 
     </span>
     <span class='ocr_line' id='line_1_25' title="bbox 263 2697 1332 2789; baseline 0.009 -31"><span class='ocrx_word' id='word_1_171' title='bbox 263 2697 412 2779; x_wconf 92' lang='lat' dir='ltr'><em>Pompeio</em></span> <span class='ocrx_word' id='word_1_172' title='bbox 425 2699 459 2758; x_wconf 88' lang='lat' dir='ltr'><em>in</em></span> <span class='ocrx_word' id='word_1_173' title='bbox 473 2698 634 2778; x_wconf 87' lang='lat' dir='ltr'><em>Hispania</em></span> <span class='ocrx_word' id='word_1_174' title='bbox 647 2708 753 2762; x_wconf 87' lang='lat' dir='ltr'><em>contra</em></span> <span class='ocrx_word' id='word_1_175' title='bbox 767 2700 932 2764; x_wconf 84' lang='lat' dir='ltr'><em>Sertorium</em></span> <span class='ocrx_word' id='word_1_176' title='bbox 955 2722 1100 2784; x_wconf 80' lang='lat' dir='ltr'><em>prospere</em></span> <span class='ocrx_word' id='word_1_177' title='bbox 1111 2714 1216 2789; x_wconf 82' lang='lat' dir='ltr'><em>gestas</em></span> <span class='ocrx_word' id='word_1_178' title='bbox 1235 2706 1332 2768; x_wconf 90' lang='lat' dir='ltr'><em>conti·</em></span> 
     </span>
     <span class='ocr_line' id='line_1_26' title="bbox 265 2785 844 2844; baseline 0.005 0"><span class='ocrx_word' id='word_1_179' title='bbox 265 2790 325 2844; x_wconf 88' lang='lat' dir='ltr'><em>net.</em></span> <span class='ocrx_word' id='word_1_180' title='bbox 836 2785 844 2802; x_wconf 79' lang='grc'><strong>’</strong></span> 
     </span>
    </p>
   </div>
   <div class='ocr_carea' id='block_1_9' title="bbox 729 2937 866 3023">
    <p class='ocr_par' dir='ltr' id='par_1_9' title="bbox 729 2937 866 3023">
     <span class='ocr_line' id='line_1_27' title="bbox 729 2937 866 3023; baseline 0.007 -1"><span class='ocrx_word' id='word_1_181' title='bbox 729 2937 866 3023; x_wconf 90' lang='lat' dir='ltr'>XCV.</span> 
     </span>
    </p>
   </div>
   <div class='ocr_carea' id='block_1_10' title="bbox 262 3085 1333 3274">
    <p class='ocr_par' dir='ltr' id='par_1_10' title="bbox 262 3085 1333 3274">
     <span class='ocr_line' id='line_1_28' title="bbox 308 3085 1333 3182; baseline 0.004 -17"><span class='ocrx_word' id='word_1_182' title='bbox 308 3101 343 3165; x_wconf 82' lang='lat'><em>0.</em></span> <span class='ocrx_word' id='word_1_183' title='bbox 361 3100 455 3164; x_wconf 90' lang='lat' dir='ltr'><em>Curio</em></span> <span class='ocrx_word' id='word_1_184' title='bbox 463 3085 630 3182; x_wconf 90' lang='lat' dir='ltr'><em>proconsul</em></span> <span class='ocrx_word' id='word_1_185' title='bbox 638 3100 809 3165; x_wconf 88' lang='lat' dir='ltr'><em>Dardanos</em></span> <span class='ocrx_word' id='word_1_186' title='bbox 824 3103 859 3165; x_wconf 87' lang='lat' dir='ltr'><em>in</em></span> <span class='ocrx_word' id='word_1_187' title='bbox 877 3097 1011 3166; x_wconf 74' lang='lat' dir='ltr'><em>Thracia</em></span> <span class='ocrx_word' id='word_1_188' title='bbox 1024 3104 1147 3167; x_wconf 88' lang='lat' dir='ltr'><em>domuit.</em></span> <span class='ocrx_word' id='word_1_189' title='bbox 1194 3101 1333 3180; x_wconf 76' lang='lat' dir='ltr'><em>Quatuor</em></span> 
     </span>
     <span class='ocr_line' id='line_1_29' title="bbox 262 3185 1330 3274; baseline 0.004 -25"><span class='ocrx_word' id='word_1_190' title='bbox 262 3194 293 3249; x_wconf 90' lang='lat' dir='ltr'><em>et</em></span> <span class='ocrx_word' id='word_1_191' title='bbox 304 3187 499 3272; x_wconf 81' lang='lat' dir='ltr'><em>septuaginta</em></span> <span class='ocrx_word' id='word_1_192' title='bbox 511 3187 705 3271; x_wconf 84' lang='lat' dir='ltr'><em>gladiatores</em></span> <span class='ocrx_word' id='word_1_193' title='bbox 717 3188 833 3271; x_wconf 74' lang='lat' dir='ltr'><em>Capua</em></span> <span class='ocrx_word' id='word_1_194' title='bbox 843 3211 881 3252; x_wconf 81' lang='lat' dir='ltr'><em>er</em></span> <span class='ocrx_word' id='word_1_195' title='bbox 889 3186 960 3252; x_wconf 84' lang='lat' dir='ltr'><em>ludo</em></span> <span class='ocrx_word' id='word_1_196' title='bbox 973 3190 1098 3253; x_wconf 69' lang='lat' dir='ltr'><em>battuli</em></span> <span class='ocrx_word' id='word_1_197' title='bbox 1104 3185 1330 3274; x_wconf 76' lang='lat' dir='ltr'><em>profugerunt.-</em></span> 
     </span>
    </p>
   </div>
   <div class='ocr_carea' id='block_1_11' title="bbox 262 3273 1430 3360">
    <p class='ocr_par' dir='ltr' id='par_1_11' title="bbox 262 3273 1430 3360">
     <span class='ocr_line' id='line_1_30' title="bbox 262 3273 1430 3360; baseline 0.004 -25"><span class='ocrx_word' id='word_1_198' title='bbox 262 3281 302 3347; x_wconf 87' lang='lat' dir='ltr'><em>et,</em></span> <span class='ocrx_word' id='word_1_199' title='bbox 346 3276 555 3359; x_wconf 79' lang='lat' dir='ltr'><em>⁴⁸congregata</em></span> <span class='ocrx_word' id='word_1_200' title='bbox 587 3273 776 3338; x_wconf 83' lang='lat' dir='ltr'><em>seruitiorum</em></span> <span class='ocrx_word' id='word_1_201' title='bbox 820 3277 1094 3360; x_wconf 81' lang='lat' dir='ltr'><em>ergastulorumque</em></span> <span class='ocrx_word' id='word_1_202' title='bbox 1126 3276 1331 3357; x_wconf 73' lang='lat' dir='ltr'><em>multitudiue,</em></span> <span class='ocrx_word' id='word_1_203' title='bbox 1424 3285 1430 3304; x_wconf 80' lang='lat'>⁸</span> 
     </span>
    </p>
   </div>
   <div class='ocr_carea' id='block_1_12' title="bbox 260 3358 1332 3529">
    <p class='ocr_par' dir='ltr' id='par_1_12' title="bbox 260 3358 1332 3529">
     <span class='ocr_line' id='line_1_31' title="bbox 264 3358 1332 3442; baseline 0.003 -20"><span class='ocrx_word' id='word_1_204' title='bbox 264 3358 360 3422; x_wconf 77' lang='lat' dir='ltr'><em>Crixo</em></span> <span class='ocrx_word' id='word_1_205' title='bbox 379 3368 407 3421; x_wconf 90' lang='lat' dir='ltr'><em>et</em></span> <span class='ocrx_word' id='word_1_206' title='bbox 422 3361 572 3442; x_wconf 86' lang='lat' dir='ltr'><em>Spartaco</em></span> <span class='ocrx_word' id='word_1_207' title='bbox 587 3360 711 3423; x_wconf 82' lang='lat' dir='ltr'><em>ducibus</em></span> <span class='ocrx_word' id='word_1_208' title='bbox 733 3359 810 3424; x_wconf 82' lang='lat' dir='ltr'><em>lello</em></span> <span class='ocrx_word' id='word_1_209' title='bbox 827 3363 969 3438; x_wconf 65' lang='lat' dir='ltr'><em>concitato,</em></span> <span class='ocrx_word' id='word_1_210' title='bbox 988 3362 1148 3426; x_wconf 81' lang='lat' dir='ltr'><em>Claudium</em></span> <span class='ocrx_word' id='word_1_211' title='bbox 1161 3361 1332 3427; x_wconf 80' lang='lat' dir='ltr'><em>Pulclnmru</em></span> 
     </span>
     <span class='ocr_line' id='line_1_32' title="bbox 260 3444 1332 3529; baseline 0.007 -24"><span class='ocrx_word' id='word_1_212' title='bbox 260 3444 395 3528; x_wconf 89' lang='lat' dir='ltr'><em>legatum</em></span> <span class='ocrx_word' id='word_1_213' title='bbox 410 3456 440 3509; x_wconf 90' lang='lat' dir='ltr'><em>et</em></span> <span class='ocrx_word' id='word_1_214' title='bbox 464 3448 527 3510; x_wconf 67' lang='grc' dir='ltr'><em>4Ψ.</em></span> <span class='ocrx_word' id='word_1_215' title='bbox 549 3446 697 3510; x_wconf 89' lang='lat' dir='ltr'><em>Varenum</em></span> <span class='ocrx_word' id='word_1_216' title='bbox 715 3456 870 3529; x_wconf 74' lang='lat' dir='ltr'><em>pretorem</em></span> <span class='ocrx_word' id='word_1_217' title='bbox 889 3450 1004 3529; x_wconf 84' lang='lat' dir='ltr'><em>pralia</em></span> <span class='ocrx_word' id='word_1_218' title='bbox 1018 3448 1161 3513; x_wconf 87' lang='lat' dir='ltr'><em>uicerunt.</em></span> <span class='ocrx_word' id='word_1_219' title='bbox 1205 3449 1248 3513; x_wconf 86' lang='lat' dir='ltr'><em>L.</em></span> <span class='ocrx_word' id='word_1_220' title='bbox 1262 3449 1332 3513; x_wconf 88' lang='lat' dir='ltr'><em>Lu·</em></span> 
     </span>
    </p>
   </div>
   <div class='ocr_carea' id='block_1_13' title="bbox 205 3616 1333 4438">
    <p class='ocr_par' dir='ltr' id='par_1_13' title="bbox 258 3616 1332 3796">
     <span class='ocr_line' id='line_1_33' title="bbox 259 3616 1332 3690; baseline 0.007 -28"><span class='ocrx_word' id='word_1_221' title='bbox 259 3616 329 3664; x_wconf 83' lang='lat' dir='ltr'><em>vium</em></span> <span class='ocrx_word' id='word_1_222' title='bbox 339 3619 398 3665; x_wconf 78' lang='lat' dir='ltr'><em>editi</em></span> <span class='ocrx_word' id='word_1_223' title='bbox 416 3620 537 3667; x_wconf 78' lang='lat' dir='ltr'><em>hebebant</em></span> <span class='ocrx_word' id='word_1_224' title='bbox 550 3621 680 3682; x_wconf 82' lang='lat' dir='ltr'><em>Calagurti.</em></span> <span class='ocrx_word' id='word_1_225' title='bbox 722 3619 780 3666; x_wconf 87' lang='lat' dir='ltr'><em>Mu·</em></span> <span class='ocrx_word' id='word_1_226' title='bbox 844 3618 876 3665; x_wconf 80' lang='grc'><em>47</em></span> <span class='ocrx_word' id='word_1_227' title='bbox 892 3619 1019 3690; x_wconf 66' lang='grc' dir='ltr'><em>Ρτηὶσωι</em></span> <span class='ocrx_word' id='word_1_228' title='bbox 1037 3620 1188 3668; x_wconf 70' lang='lat' dir='ltr'><em>Mutrium</em></span> <span class='ocrx_word' id='word_1_229' title='bbox 1220 3622 1275 3669; x_wconf 84' lang='lat' dir='ltr'><em>Hoc</em></span> <span class='ocrx_word' id='word_1_230' title='bbox 1288 3624 1332 3670; x_wconf 77' lang='lat' dir='ltr'><em>de·</em></span> 
     </span>
     <span class='ocr_line' id='line_1_34' title="bbox 259 3681 1331 3745; baseline 0.006 -18"><span class='ocrx_word' id='word_1_231' title='bbox 259 3681 321 3728; x_wconf 71' lang='lat' dir='ltr'><em>tavit</em></span> <span class='ocrx_word' id='word_1_232' title='bbox 332 3683 381 3738; x_wconf 85' lang='lat' dir='ltr'><em>ille,</em></span> <span class='ocrx_word' id='word_1_233' title='bbox 393 3690 418 3729; x_wconf 85' lang='lat' dir='ltr'><em>et</em></span> <span class='ocrx_word' id='word_1_234' title='bbox 433 3685 564 3744; x_wconf 76' lang='lat' dir='ltr'><em>evcstIgiis</em></span> <span class='ocrx_word' id='word_1_235' title='bbox 576 3685 648 3732; x_wconf 86' lang='lat' dir='ltr'><em>Mss.</em></span> <span class='ocrx_word' id='word_1_236' title='bbox 660 3684 723 3731; x_wconf 82' lang='lat' dir='ltr'><em>cruit</em></span> <span class='ocrx_word' id='word_1_237' title='bbox 734 3697 777 3729; x_wconf 84' lang='lat' dir='ltr'><em>no·</em></span> <span class='ocrx_word' id='word_1_238' title='bbox 811 3685 881 3731; x_wconf 83' lang='lat' dir='ltr'><em>betur</em></span> <span class='ocrx_word' id='word_1_239' title='bbox 897 3685 1001 3745; x_wconf 81' lang='lat' dir='ltr'><em>sigonio.</em></span> <span class='ocrx_word' id='word_1_240' title='bbox 1034 3687 1115 3732; x_wconf 74' lang='lat' dir='ltr'><em>Ante·</em></span> <span class='ocrx_word' id='word_1_241' title='bbox 1253 3700 1331 3742; x_wconf 88' lang='lat' dir='ltr'><em>,con-</em></span> 
     </span>
     <span class='ocr_line' id='line_1_35' title="bbox 258 3746 1057 3796; baseline 0.004 -3"><span class='ocrx_word' id='word_1_242' title='bbox 258 3758 316 3793; x_wconf 83' lang='lat' dir='ltr'><em>mcn</em></span> <span class='ocrx_word' id='word_1_243' title='bbox 330 3746 428 3796; x_wconf 75' lang='lat' dir='ltr'><em>Clunia.</em></span> <span class='ocrx_word' id='word_1_244' title='bbox 811 3755 849 3794; x_wconf 75' lang='lat' dir='ltr'><em>tra</em></span> <span class='ocrx_word' id='word_1_245' title='bbox 859 3749 965 3796; x_wconf 69' lang='lat' dir='ltr'><em>historie</em></span> <span class='ocrx_word' id='word_1_246' title='bbox 977 3750 1057 3796; x_wconf 76' lang='lat' dir='ltr'><em>fldem.</em></span> 
     </span>
    </p>

    <p class='ocr_par' dir='ltr' id='par_1_14' title="bbox 205 3811 1332 4195">
     <span class='ocr_line' id='line_1_36' title="bbox 255 3811 1330 3875; baseline 0.001 -16"><span class='ocrx_word' id='word_1_247' title='bbox 255 3811 429 3873; x_wconf 41' lang='lat' dir='ltr'><em>*liliaque</em></span> <span class='ocrx_word' id='word_1_248' title='bbox 446 3812 777 3874; x_wconf 83' lang='lat' dir='ltr'><em>aPompetoetMetelloud·</em></span> <span class='ocrx_word' id='word_1_249' title='bbox 840 3813 873 3861; x_wconf 79' lang='grc'><em>48</em></span> <span class='ocrx_word' id='word_1_250' title='bbox 899 3814 1206 3874; x_wconf 58' lang='lat' dir='ltr'><em>cummunicatur-n</em></span> <span class='ocrx_word' id='word_1_251' title='bbox 1224 3818 1330 3875; x_wconf 67' lang='lat' dir='ltr'><em>ergata-</em></span> 
     </span>
     <span class='ocr_line' id='line_1_37' title="bbox 258 3873 1331 3940; baseline 0.002 -18"><span class='ocrx_word' id='word_1_252' title='bbox 258 3889 350 3924; x_wconf 78' lang='lat' dir='ltr'><em>ueesum</em></span> <span class='ocrx_word' id='word_1_253' title='bbox 360 3877 491 3924; x_wconf 79' lang='lat' dir='ltr'><em>Sertorium</em></span> <span class='ocrx_word' id='word_1_254' title='bbox 505 3882 583 3939; x_wconf 74' lang='lat' dir='ltr'><em>gestae</em></span> <span class='ocrx_word' id='word_1_255' title='bbox 600 3873 715 3937; x_wconf 77' lang='lat' dir='ltr'><em>continet]</em></span> <span class='ocrx_word' id='word_1_256' title='bbox 728 3877 777 3923; x_wconf 84' lang='lat' dir='ltr'><em>Hic</em></span> <span class='ocrx_word' id='word_1_257' title='bbox 807 3876 925 3937; x_wconf 63' lang='lat' dir='ltr'><em>brutaque</em></span> <span class='ocrx_word' id='word_1_258' title='bbox 940 3876 1098 3940; x_wconf 73' lang='lat' dir='ltr'><em>multiiudine]</em></span> <span class='ocrx_word' id='word_1_259' title='bbox 1117 3878 1156 3924; x_wconf 83' lang='lat' dir='ltr'><em>Sic</em></span> <span class='ocrx_word' id='word_1_260' title='bbox 1175 3879 1251 3924; x_wconf 75' lang='lat' dir='ltr'><em>edidit</em></span> <span class='ocrx_word' id='word_1_261' title='bbox 1269 3879 1331 3924; x_wconf 83' lang='lat' dir='ltr'><em>Gro-</em></span> 
     </span>
     <span class='ocr_line' id='line_1_38' title="bbox 257 3939 1332 4002; baseline 0.002 -16"><span class='ocrx_word' id='word_1_262' title='bbox 257 3939 376 3989; x_wconf 74' lang='lat' dir='ltr'><em>hnbemus</em></span> <span class='ocrx_word' id='word_1_263' title='bbox 399 3943 594 3989; x_wconf 78' lang='lat' dir='ltr'><em>emendutIoncm</em></span> <span class='ocrx_word' id='word_1_264' title='bbox 616 3941 716 4001; x_wconf 78' lang='lat' dir='ltr'><em>SigonII,</em></span> <span class='ocrx_word' id='word_1_265' title='bbox 734 3942 775 4001; x_wconf 91' lang='lat' dir='ltr'><em>qui</em></span> <span class='ocrx_word' id='word_1_266' title='bbox 809 3942 936 3987; x_wconf 69' lang='lat' dir='ltr'><em>nomusex</em></span> <span class='ocrx_word' id='word_1_267' title='bbox 955 3943 1005 3988; x_wconf 68' lang='lat' dir='ltr'><em>cuii</em></span> <span class='ocrx_word' id='word_1_268' title='bbox 1020 3942 1092 3988; x_wconf 85' lang='lat' dir='ltr'><strong>MSS.</strong></span> <span class='ocrx_word' id='word_1_269' title='bbox 1110 3941 1193 4002; x_wconf 80' lang='lat' dir='ltr'><em>Vulgo</em></span> <span class='ocrx_word' id='word_1_270' title='bbox 1211 3956 1332 3988; x_wconf 75' lang='lat' dir='ltr'><em>ceruorum</em></span> 
     </span>
     <span class='ocr_line' id='line_1_39' title="bbox 257 4005 1331 4068; baseline 0.001 -16"><span class='ocrx_word' id='word_1_271' title='bbox 257 4005 366 4064; x_wconf 77' lang='lat' dir='ltr'><em>priorum</em></span> <span class='ocrx_word' id='word_1_272' title='bbox 381 4007 516 4054; x_wconf 51' lang='lat' dir='ltr'><em>&amp;donum</em></span> <span class='ocrx_word' id='word_1_273' title='bbox 540 4005 639 4052; x_wconf 85' lang='lat' dir='ltr'><em>omniuo</em></span> <span class='ocrx_word' id='word_1_274' title='bbox 664 4005 777 4051; x_wconf 74' lang='lat' dir='ltr'><em>vitiosam</em></span> <span class='ocrx_word' id='word_1_275' title='bbox 808 4006 1025 4068; x_wconf 72' lang='lat' dir='ltr'><em>ergastulorumque.</em></span> <span class='ocrx_word' id='word_1_276' title='bbox 1054 4007 1331 4067; x_wconf 78' lang='lat' dir='ltr'><em>Scdnonnpemeudum</em></span> 
     </span>
     <span class='ocr_line' id='line_1_40' title="bbox 258 4066 1330 4132; baseline 0.005 -20"><span class='ocrx_word' id='word_1_277' title='bbox 258 4068 386 4118; x_wconf 82' lang='lat' dir='ltr'><em>lectionem</em></span> <span class='ocrx_word' id='word_1_278' title='bbox 397 4085 428 4118; x_wconf 78' lang='lat' dir='ltr'><em>ex</em></span> <span class='ocrx_word' id='word_1_279' title='bbox 438 4078 486 4118; x_wconf 80' lang='lat' dir='ltr'><em>net.</em></span> <span class='ocrx_word' id='word_1_280' title='bbox 503 4072 544 4117; x_wconf 78' lang='lat' dir='ltr'><em>liu.</em></span> <span class='ocrx_word' id='word_1_281' title='bbox 562 4069 674 4122; x_wconf 81' lang='lat' dir='ltr'><em>correxit,</em></span> <span class='ocrx_word' id='word_1_282' title='bbox 694 4066 777 4132; x_wconf 76' lang='lat' dir='ltr'><em>udeci·</em></span> <span class='ocrx_word' id='word_1_283' title='bbox 809 4070 834 4115; x_wconf 87' lang='lat' dir='ltr'><em>id</em></span> <span class='ocrx_word' id='word_1_284' title='bbox 872 4071 982 4125; x_wconf 77' lang='lat' dir='ltr'><em>somme,</em></span> <span class='ocrx_word' id='word_1_285' title='bbox 1018 4073 1092 4131; x_wconf 80' lang='lat' dir='ltr'><em>qaod,</em></span> <span class='ocrx_word' id='word_1_286' title='bbox 1125 4077 1188 4118; x_wconf 75' lang='lat' dir='ltr'><em>seete</em></span> <span class='ocrx_word' id='word_1_287' title='bbox 1221 4071 1330 4130; x_wconf 77' lang='lat' dir='ltr'><em>Sigouio,</em></span> 
     </span>
     <span class='ocr_line' id='line_1_41' title="bbox 205 4126 1332 4195; baseline 0.003 -17"><span class='ocrx_word' id='word_1_288' title='bbox 205 4126 208 4133; x_wconf 82' lang='grc'><strong>’</strong></span> <span class='ocrx_word' id='word_1_289' title='bbox 254 4134 775 4194; x_wconf 67' lang='lat' dir='ltr'><em>macon&#39;ecturnduupactremcsvocee.</em></span> <span class='ocrx_word' id='word_1_290' title='bbox 809 4134 924 4180; x_wconf 77' lang='lat' dir='ltr'><em>ClaudIuc</em></span> <span class='ocrx_word' id='word_1_291' title='bbox 936 4133 1060 4183; x_wconf 76' lang='lat' dir='ltr'><em>Puteanus</em></span> <span class='ocrx_word' id='word_1_292' title='bbox 1078 4136 1104 4181; x_wconf 86' lang='lat' dir='ltr'><em>in</em></span> <span class='ocrx_word' id='word_1_293' title='bbox 1122 4134 1194 4181; x_wconf 87' lang='lat' dir='ltr'><strong>MSS.</strong></span> <span class='ocrx_word' id='word_1_294' title='bbox 1205 4135 1292 4195; x_wconf 67' lang='lat' dir='ltr'><em>legino</em></span> <span class='ocrx_word' id='word_1_295' title='bbox 1304 4147 1332 4181; x_wconf 76' lang='lat' dir='ltr'><em>se</em></span> 
     </span>
    </p>

    <p class='ocr_par' dir='ltr' id='par_1_15' title="bbox 256 4193 1333 4438">
     <span class='ocr_line' id='line_1_42' title="bbox 290 4193 1232 4259; baseline 0.004 -18"><span class='ocrx_word' id='word_1_296' title='bbox 290 4194 321 4241; x_wconf 82' lang='grc'><em>46</em></span> <span class='ocrx_word' id='word_1_297' title='bbox 337 4198 366 4243; x_wconf 85' lang='lat' dir='ltr'><em>L.</em></span> <span class='ocrx_word' id='word_1_298' title='bbox 440 4202 493 4246; x_wconf 81' lang='lat' dir='ltr'><em>niue</em></span> <span class='ocrx_word' id='word_1_299' title='bbox 504 4193 627 4259; x_wconf 76' lang='lat' dir='ltr'><em>Lunum]</em></span> <span class='ocrx_word' id='word_1_300' title='bbox 643 4196 741 4243; x_wconf 84' lang='lat' dir='ltr'><em>Nomen</em></span> <span class='ocrx_word' id='word_1_301' title='bbox 752 4205 778 4245; x_wconf 83' lang='lat' dir='ltr'><em>et</em></span> <span class='ocrx_word' id='word_1_302' title='bbox 809 4198 917 4245; x_wconf 78' lang='lat' dir='ltr'><em>affimat:</em></span> <span class='ocrx_word' id='word_1_303' title='bbox 935 4212 1092 4246; x_wconf 74' lang='lat' dir='ltr'><em>unnrumes</em></span> <span class='ocrx_word' id='word_1_304' title='bbox 1101 4198 1232 4258; x_wconf 60' lang='lat' dir='ltr'><em>agotum</em></span> 
     </span>
     <span class='ocr_line' id='line_1_43' title="bbox 256 4260 1333 4327; baseline 0.006 -26"><span class='ocrx_word' id='word_1_305' title='bbox 256 4269 397 4317; x_wconf 70' lang='lat' dir='ltr'><em>prenomen</em></span> <span class='ocrx_word' id='word_1_306' title='bbox 409 4263 514 4318; x_wconf 85' lang='lat' dir='ltr'><em>Luculli,</em></span> <span class='ocrx_word' id='word_1_307' title='bbox 526 4270 552 4309; x_wconf 84' lang='lat' dir='ltr'><em>ct</em></span> <span class='ocrx_word' id='word_1_308' title='bbox 561 4263 625 4309; x_wconf 72' lang='lat' dir='ltr'><em>inira</em></span> <span class='ocrx_word' id='word_1_309' title='bbox 636 4275 776 4321; x_wconf 69' lang='lat' dir='ltr'><em>prenomen</em></span> <span class='ocrx_word' id='word_1_310' title='bbox 841 4260 873 4307; x_wconf 81' lang='grc'><em>49</em></span> <span class='ocrx_word' id='word_1_311' title='bbox 889 4261 921 4308; x_wconf 82' lang='grc' dir='ltr'><em>Ρ.</em></span> <span class='ocrx_word' id='word_1_312' title='bbox 946 4262 1073 4327; x_wconf 79' lang='lat' dir='ltr'><em>Varenum]</em></span> <span class='ocrx_word' id='word_1_313' title='bbox 1091 4262 1204 4323; x_wconf 77' lang='lat' dir='ltr'><em>Sigonius</em></span> <span class='ocrx_word' id='word_1_314' title='bbox 1226 4276 1256 4310; x_wconf 81' lang='lat' dir='ltr'><em>ex</em></span> <span class='ocrx_word' id='word_1_315' title='bbox 1279 4264 1333 4323; x_wconf 78' lang='lat' dir='ltr'><em>Ap·</em></span> 
     </span>
     <span class='ocr_line' id='line_1_44' title="bbox 257 4319 1330 4438; baseline 0.001 -67"><span class='ocrx_word' id='word_1_316' title='bbox 257 4319 416 4438; x_wconf 51' lang='lat' dir='ltr'><em>gmx</em></span> <span class='ocrx_word' id='word_1_317' title='bbox 436 4326 507 4373; x_wconf 80' lang='lat' dir='ltr'><em>Mss.</em></span> <span class='ocrx_word' id='word_1_318' title='bbox 524 4329 575 4374; x_wconf 79' lang='lat' dir='ltr'><em>suis</em></span> <span class='ocrx_word' id='word_1_319' title='bbox 585 4327 696 4400; x_wconf 64' lang='lat' dir='ltr'><em>addpndu</em></span> <span class='ocrx_word' id='word_1_320' title='bbox 706 4327 777 4373; x_wconf 82' lang='lat' dir='ltr'><em>duxit</em></span> <span class='ocrx_word' id='word_1_321' title='bbox 808 4325 1048 4435; x_wconf 43' lang='lat' dir='ltr'><em>12}thon</em></span> <span class='ocrx_word' id='word_1_322' title='bbox 1066 4327 1197 4389; x_wconf 72' lang='lat' dir='ltr'><em>legendum</em></span> <span class='ocrx_word' id='word_1_323' title='bbox 1214 4333 1286 4388; x_wconf 70' lang='lat' dir='ltr'><em>putu</em></span> <span class='ocrx_word' id='word_1_324' title='bbox 1297 4326 1330 4372; x_wconf 82' lang='grc' dir='ltr'><em>Ρ.</em></span> 
     </span>
     <span class='ocr_line' id='line_1_45' title="bbox 834 4402 944 4436; baseline 0.018 -2"><span class='ocrx_word' id='word_1_325' title='bbox 834 4402 847 4434; x_wconf 83' lang='lat' dir='ltr'><em>a</em></span> <span class='ocrx_word' id='word_1_326' title='bbox 913 4404 944 4436; x_wconf 80' lang='lat' dir='ltr'><em>m.</em></span> 
     </span>
    </p>
   </div>
   <div class='ocr_carea' id='block_1_14' title="bbox 0 0 1476 4750">
    <p class='ocr_par' dir='ltr' id='par_1_16' title="bbox 0 0 1476 4750">
     <span class='ocr_line' id='line_1_46' title="bbox 0 0 1476 4750; baseline 0 3"><span class='ocrx_word' id='word_1_327' title='bbox 0 0 1476 4750; x_wconf 95' lang='lat' dir='ltr'><em> </em></span> 
     </span>
    </p>
   </div>
  </div>
 </body>
</html>
