2942 4750
427 138 865 233 nrnnononr'unn.
1120 168 1178 222 241

111 295 228 414 brinno
256 324 362 389 bellium
390 330 650 410 consummaretur,
682 330 869 417 rugfern'rntur.¹
913 330 1001 394 Bella
1026 336 1179 412 pratmea

94 443 97 451 ·
113 410 196 477 oder
208 412 304 499 Spe-ia
316 435 400 498 reges
410 425 499 500 gesta
513 417 656 481 continet.

563 647 727 731 LXIX.

157 803 197 869 L.
220 805 392 890 Appuleius
405 808 595 885 Sutuuruinus,
612 807 775 891 arly'uoante
792 807 826 873 C.
842 806 960 887 Morio,
976 815 1006 870 et
1016 827 1078 891 per
1098 808 1176 872 mili-

110 901 158 956 tes
171 891 265 957 occiso
279 894 320 957 A.
335 893 442 958 Nonio
456 897 656 977 competitore,
672 895 806 958 tribumcs
823 894 921 976 plebis
935 914 995 976 per
1015 895 1078 956 nim
1092 915 1176 958 crea·

110 987 169 1055 trus,
192 1000 256 1041 nan
280 982 379 1043 minus
400 983 544 1045 nolenter
565 981 760 1057 tribunatum,
782 1001 871 1064 quam
891 980 1036 1062 petierat,
1054 982 1150 1064 gessit
1160 1015 1174 1055 ,-

109 1073 153 1140 et,
169 1086 258 1150 psum
278 1068 371 1151 legem
393 1070 552 1152 agrariam
560 1089 620 1151 per
640 1068 697 1133 vinc
716 1068 842 1145 tulisset,
857 1066 986 1131 Metello
1000 1064 1175 1144 Numidico,

109 1153 176 1213 ”eo
189 1154 267 1234 quad
281 1153 313 1216 iu
327 1175 392 1217 eam
407 1153 646 1237 mensuraverat,
663 1152 743 1217 diem
764 1155 863 1216 dicit:
885 1154 937 1237 qui
951 1173 1042 1236 quum
1055 1175 1076 1215 a
1091 1152 1177 1217 bonis

107 1235 227 1301 avius
247 1238 467 1323 defenderetur,
482 1262 519 1304 ne
539 1261 647 1305 caussa
667 1241 867 1303 certaminum
888 1249 973 1319 esset,
990 1240 1024 1302 in
1040 1239 1177 1305 cnsilium

108 1323 315 1388 uoluntarium
337 1326 478 1390 Rhodum
493 1326 650 1409 proficius
669 1335 729 1390 est.-
751 1325 877 1409 ”ibique
897 1326 1027 1409 legendo
1042 1323 1177 1391 et'audi·

108 1410 198 1473 endis
216 1413 336 1495 magnis
356 1414 432 1476 uiris
454 1412 650 1477 auocabatur.
681 1411 824 1494 Preffecto
841 1412 876 1475 C.
897 1409 1033 1489 Marius,
1052 1413 1176 1477 seditio·

107 1494 162 1559 nis
183 1506 300 1573 auctor,
316 1499 372 1580 qui
391 1508 507 1561 sernum
527 1500 712 1565 corrsulalum
728 1519 788 1580 per
808 1498 905 1561 tribus
924 1519 1034 1581 sparsa
1045 1502 1177 1581 pemeuia

107 1592 239 1657 murat,
255 1602 337 1665 aquo
350 1592 380 1646 et
394 1584 464 1665 igni
485 1585 654 1648 interdixit.
698 1583 784 1646 Idem
799 1582 969 1666 Appuleius
991 1586 1177 1651 Saturninus

109 1666 366 1751 tribunusplebis
391 1669 425 1733 C.
438 1668 614 1733 Memmium
628 1671 851 1735 “candidatum
879 1670 1058 1749 conmlatus,
1089 1693 1177 1754 quem

109 1754 246 1816 murima
266 1756 473 1818 camararium
494 1755 663 1820 actionibus
683 1758 746 1823 suis
768 1757 904 1833 timebat,
926 1759 1047 1819 occidit.
1070 1757 1177 1839 quibus

104 1837 200 1902 ‚rebus
219 1842 367 1904 concitato
386 1852 503 1918 sumtu,
523 1845 570 1923 (in
590 1843 675 1927 cupies
692 1863 828 1908 corissum
842 1853 872 1907 et
890 1845 925 1908 C.
940 1840 1177 1919 Marius-bomo

108 1925 191 1989 narii
204 1935 234 1989 et
254 1927 407 1992 mmabilis
428 1929 549 2013 ingenii
568 1930 747 2015 consiliique
767 1950 885 2013 semper
907 1928 1176 2015 secundumsortu-

110 2031 191 2088 mm,
207 2015 378 2091 transierat,
395 2035 484 2098 quum
499 2036 563 2078 eum
584 2019 665 2081 tueri
684 2018 808 2080 minime
825 2016 943 2099 posset)
958 2015 1109 2098 obpressus
1123 2038 1174 2080 ar·

109 2097 165 2160 mis
178 2118 242 2161 cum
259 2097 393 2163 Glaucia
402 2111 546 2183 pretore,
562 2112 593 2165 et
606 2105 678 2169 aliis
693 2103 946 2188 epusdeoefiooris
959 2104 1059 2180 sociis,
1072 2101 1176 2167 “bello

109 2185 240 2268 quodam
259 2182 434 2266 interfectus
452 2197 506 2251 est.
541 2187 582 2256 (l.
600 2190 739 2255 Caecilius
754 2189 900 2253 Metellus
924 2189 964 2250 ab
988 2189 1106 2264 cosilio,
1128 2188 1175 2251 in·

20 2306 30 2323 .
107 2270 195 2352 gemti
212 2273 306 2333 tatinus
327 2273 464 2334 ciuitatis
477 2270 600 2350 sonore,
617 2276 757 2337 remano
778 2283 831 2335 est.
862 2273 921 2335 Μ’.
936 2273 1093 2354 Aquillius
1103 2294 1175 2353 pro-

106 2356 212 2421 consul
227 2357 260 2421 in
274 2355 383 2420 Sicilia
398 2355 505 2419 bellum
518 2358 627 2422 seruile
641 2359 803 2421 enodatum
821 2359 961 2439 confecit.

485 2607 488 2624 ¹
571 2598 713 2682 LXX.

80 2767 94 2803 ‘
154 2768 256 2845 Quum
270 2767 334 2831 Μ’.
350 2768 504 2853 Aquillius
518 2771 557 2833 de
568 2773 704 2854 pecrcniis
718 2769 890 2852 repetundis
903 2790 1036 2834 carosam
1052 2772 1174 2849 diceret,

30 2857 37 2867 '
67 2850 175 2940 ''ipse
186 2855 309 2938 judices
333 2877 444 2941 rogare
467 2856 576 2923 noluit.
616 2858 667 2923 M.
682 2857 845 2934 Antonius,
868 2858 923 2939 qui
943 2877 1003 2941 pro
1027 2880 1061 2921 eo
1083 2875 1174 2942 pero-

107 2941 209 3022 rabat,
224 2942 357 3005 tunicam
378 2964 399 3005 a
416 2953 540 3025 pectore
559 2942 625 3027 ejus
645 2944 781 3019 discidit,
796 2952 831 3005 ut
856 2944 996 3006 honestas
1018 2945 1176 3008 cicatrices

107 3029 295 3092 ostenderet.-
318 3028 426 3113 quibus
445 3031 616 3112 corispectis,
640 3030 850 3094 indubitanter
870 3028 1022 3096 absolutus
1043 3040 1095 3095 est.
1123 3031 1175 3094 Ci-

3 3081 36 3180 ·
104 3119 176 3176 'cero
191 3112 316 3197 ejrrsrei
329 3117 410 3179 solus
424 3125 539 3178 auctor.
588 3117 626 3179 T.
642 3116 759 3181 Didius
767 3117 932 3198 proconsul
945 3116 1089 3179 adversus
1106 3117 1175 3178 Cel-

106 3199 221 3264 tiberos
241 3197 382 3280 feliciter
404 3204 567 3286 puguuoit.
605 3204 798 3277 Ptolemaeus,
821 3200 1006 3285 Cyrcrrarrrm
1033 3222 1098 3282 rer,
1126 3205 1176 3264 cui

140 3411 172 3460 92
188 3411 225 3458 Eo
242 3411 302 3473 quod
319 3413 345 3458 in
365 3425 415 3460 earn
433 3423 479 3458 nom
489 3412 626 3476 jsmmrol]
658 3407 761 3476 gonium'
775 3414 868 3476 nungenti
881 3410 1026 3475 adjiciebant
1035 3416 1175 3476 petituram

107 3475 182 3522 MSS.
194 3477 319 3532 cuononi,
330 3479 370 3539 qui
381 3478 406 3524 lu
416 3490 466 3524 cum
476 3478 626 3539 nmjsrcoe·
658 3492 733 3540 quum
755 3492 839 3526 nocem
860 3478 901 3524 ille
923 3492 953 3524 ex
974 3485 1027 3545 vet,
1047 3479 1116 3534 hino,
1136 3481 1176 3526 cui

106 3543 164 3586 rot.-
179 3540 322 3600 elegantius.
658 3543 797 3604 Campanus
812 3543 951 3597 motitur,
967 3542 1064 3599 doerit,
1082 3546 1124 3590 ssd
1139 3547 1176 3591 tu·

74 3613 80 3626 ·
139 3602 173 3651 98
187 3604 269 3666 ibinus
280 3606 374 3667 legendo
388 3610 411 3652 et
425 3604 545 3652 adtendis
558 3620 625 3671 mog.
658 3621 714 3654 men
725 3609 885 3655 revmndum
899 3620 951 3653 esse
967 3607 1102 3655 Gronovius
1112 3610 1176 3655 exis·

103 3669 145 3715 nir
162 3668 222 3715 obis
243 3670 347 3733 wcabut]
375 3670 486 3730 Plerique
505 3671 578 3719 MSS·
600 3679 625 3720 st
657 3673 761 3719 timorit.
790 3671 866 3719 Nobis
877 3672 1041 3721 nihitnoecssc
1049 3674 1177 3721 vnumsst

103 3737 164 3779 usti.
177 3733 237 3780 editi
247 3734 336 3781 hsbsm
347 3737 386 3782 vel
395 3734 525 3790 aduocabat,
536 3736 574 3782 vel
584 3737 625 3784 od-
657 3738 762 3783 otiosum
774 3748 862 3782 nomon
873 3737 1000 3784 inculm
1166 3773 1172 3792 .

103 3797 235 3844 wealaw-
268 3797 337 3847 Unde
353 3801 489 3847 Gronovius
504 3800 626 3848 cdendunr
690 3799 723 3848 95
738 3798 762 3847 'A
779 3799 876 3847 Rabirio
893 3800 1001 3862 punam]
1033 3798 1176 3862 Conjectun

103 3861 356 3910 nsdiditaoorntarur.
373 3864 483 3911 Verbum
491 3865 624 3924 propium,
659 3864 758 3925 sigonii.
797 3863 874 3919 libri,
896 3873 921 3910 et
948 3870 1006 3911 vett.
1033 3865 1100 3918 editi,
1121 3862 1178 3908 bello

102 3926 284 3985 tnqnttmetts
301 3929 345 3988 qui
362 3937 406 3975 sut
422 3942 438 3974 u
455 3941 528 3973 minu
544 3942 626 3976 rerum
656 3929 761 3989 quodam
801 3928 990 3982 Freinshemius,
1009 3927 1052 3972 rem
1071 3925 1176 3986 quodam

103 3991 271 4045 adventum.
294 4000 338 4039 unt
359 3993 515 4053 meantibus
536 3994 626 4054 ulloqui
659 3993 742 4040 Cicero
751 4008 795 4055 pro
806 3994 912 4048 Rabirio,
924 4007 945 4038 c.
959 3991 997 4037 11.
1009 3990 1095 4035 Scoevoe
1105 3989 1177 4038 Seno

103 4054 209 4114 negotiis
230 4056 341 4104 inimum
361 4063 483 4108 avertunt,
502 4056 572 4116 cique
593 4060 626 4104 ls-
660 4056 688 4112 Q.
701 4059 817 4114 Crotonis,
828 4060 868 4119 qul
878 4056 960 4103 xcidit
971 4053 1000 4100 L.
1010 4053 1175 4107 summum,

102 4118 185 4165 nando
200 4120 260 4166 dant
275 4135 382 4182 operam.
415 4120 512 4175 Utatur,
528 4123 570 4180 qni
586 4136 627 4168 uo·
657 4121 749 4171 libertas
764 4124 819 4170 data
833 4127 874 4169 ert.
907 4120 976 4166 Unde
991 4128 1073 4176 m
1088 4117 1175 4177 legere,

101 4181 189 4231 luerit.
212 4184 289 4232 Nobis
303 4187 399 4233 ridetur
413 4185 548 4247 simplicius
562 4200 627 4236 uacu-
658 4200 673 4232 s
688 4187 769 4235 Socero
783 4186 889 4248 qudem,
901 4184 940 4230 rel
954 4195 969 4226 a
986 4181 1058 4227 Seruo
1073 4176 1188 4242 quomo&

101 4244 150 4298 lat.
162 4248 228 4307 quod
238 4251 330 4310 vulgati
342 4258 433 4298 noent.
514 4287 519 4298 .
614 4289 617 4296 ,
657 4251 832 4300 Gnouovrus.
1146 4279 1150 4283 -
1169 4293 1172 4302 .

134 4310 170 4358 94
187 4311 342 4363 candidatum
351 4315 492 4380 muniatur]
512 4318 578 4366 Anto
589 4316 626 4364 si·

166 4394 240 4441 VOL·
258 4396 300 4440 ii.
688 4399 711 4441 R
