2942 4750
478 195 570 254 LIB.
590 194 676 257 xm.
699 195 797 257 CAP.
818 196 877 257 1x.
1163 205 1197 256 11

125 369 227 425 mutas
255 378 333 425 esse.
379 359 471 424 Inter
498 359 581 437 haec,
604 382 677 445 quae
701 360 951 441 nunciabantur,
979 360 1072 445 lupus
1100 361 1197 427 etiam
1206 377 1343 428 uuita

128 445 245 510 Rome
258 444 397 509 interdiu
417 446 563 532 agitatus,
581 468 678 531 quum
704 446 833 511 Collina
897 459 948 511 rta
969 447 1124 525 intrasset,
1139 444 1276 533 perM'·
1289 442 1342 494 ¹⁷⁷·

127 530 328 617 Esquilinam
350 553 468 617 magno
489 533 738 597 consectantium
762 545 830 598 tum
866 545 902 597 tu
922 532 1031 597 evasit.
1075 528 1198 598 Eorum

125 618 349 704 prodigiorum
378 640 489 682 caussa
516 617 661 682 consules
682 619 816 702 majores
843 618 962 683 hostias
990 616 1198 695 inmolarunt,

126 718 158 767 st
171 703 259 767 diem
272 724 373 766 unum
393 703 479 767 circa
500 704 608 767 omnia
629 702 808 787 pulvinaria
822 704 1011 790 supplicatio
1025 704 1096 768 fuit.
1143 704 1200 768 Sa·

126 789 256 853 orificiis
279 789 340 853 rite
362 787 518 873 perfectis,
546 788 726 871 provincias
749 791 851 854 sortiti
874 805 967 855 sunt:
991 789 1128 855 Claudio
1151 788 1200 853 Is·

126 877 199 950 tria,
217 876 408 957 Sempronio
424 874 574 940 Sardinia
587 873 726 938 obvenit.
770 877 790 908 ⁴³
800 876 923 962 Legem
937 877 1036 940 deinl’
1052 875 1092 940 de
1107 874 1260 961 sociislfes
1271 885 1302 932 ds
1313 882 1360 932 La-

129 961 170 1024 C.
185 959 343 1024 Claudius
357 959 432 1023 tulit
446 959 729 1038 senatusconsulto,
746 973 779 1024 et
791 961 913 1025 edixit:
935 964 989 1047 qui
1002 965 1078 1029 socii
1091 984 1129 1024 oc
1142 955 1272 1027 rto-‘¹¹¹¹‘

31 1046 37 1069 ⁸
129 1048 220 1111 minet
234 1046 358 1122 Lotirri,
374 1048 439 1128 ipsi
452 1044 618 1130 majoresve
637 1068 747 1123 eorum,
764 1047 815 1109 M.
832 1049 974 1125 Claudio,
996 1052 1033 1113 T.
1048 1048 1201 1124 Quinctio

74 1203 83 1225 .
128 1128 308 1229 tremoribus,
320 1141 450 1216 postque
460 1154 509 1211 ea,
524 1134 607 1213 opud
619 1135 714 1197 socios
728 1135 859 1197 namtas
871 1134 988 1197 Latini
998 1136 1081 1200 cetri
1093 1144 1199 1210 esseut,

15 1252 38 1305 χ
126 1228 161 1282 at
175 1216 277 1281 ortiles
291 1217 324 1279 in
337 1239 421 1280 suam
435 1219 560 1301 quisque
572 1220 726 1282 ciuitatem
740 1228 814 1281 ante
821 1220 981 1285 Kalendas
996 1220 1201 1286 Nouembres‘¹

76 1293 85 1314 ⁸
127 1305 272 1367 redirent.
318 1303 475 1382 Quaestio,
490 1303 546 1388 qui
561 1303 605 1367 ita
617 1325 685 1367 non
699 1302 865 1381 redissent,
882 1303 921 1368 Ι..
937 1306 1098 1372 Mummio
1116 1327 1199 1389 prse-

129 1390 193 1453 tori
208 1390 334 1453 decreta
347 1401 402 1452 est
432 1388 473 1454 ad
495 1389 597 1475 legem
619 1400 651 1453 et
673 1387 813 1455 edictum
835 1390 973 1457 consulis
996 1405 1199 1458 senatuscon-

129 1475 249 1541 sultam
271 1474 429 1559 adjectum
452 1487 517 1538 est:
540 1478 613 1555 “ut
635 1476 776 1550 dictator,
792 1478 905 1555 conat,
923 1478 1067 1557 interrex,
1082 1500 1199 1556 ceruor,

123 1571 252 1644 prator,
269 1562 322 1644 qui
342 1570 439 1624 nmio*
460 1571 545 1641 emet,
560 1562 646 1641 apud
665 1574 787 1623 eorum·
808 1565 910 1644 qraem‘
930 1568 1200 1645 naamitarum,

133 1650 171 1709 in
199 1646 365 1710 libertatem
390 1647 662 1721 virdumarum
678 1644 899 1729 jstpurondum
927 1644 1024 1727 daret,
1052 1653 1107 1735 qui
1134 1672 1202 1714 mm

131 1734 364 1808 moimmitteret,
395 1731 528 1796 ciuitatis
552 1733 705 1794 medendae
726 1753 832 1797 cature
861 1756 955 1797 mauu
979 1758 1039 1800 non
1065 1740 1200 1799 mium:

132 1817 189 1902 qui
211 1816 244 1880 id
266 1839 331 1880 non
349 1819 481 1902 juraret,
505 1839 579 1881 eum
602 1817 890 1887 manumittendum
912 1841 977 1885 non
1001 1832 1201 1887 censuerunt.

128 1903 248 1969 ⁴?Haeo
264 1904 296 1965 in
319 1916 481 1986 posterum
503 1924 614 1979 cauma
633 1903 779 1989 jurisque
800 1904 900 1971 dictio
922 1906 961 1973 C.
978 1906 1113 1971 Claudio
1126 1928 1202 1972 con·

130 1989 191 2054 suli
207 1989 335 2053 decreta
349 2001 404 2052 est.

163 2151 269 2201 Pdeiodc
279 2150 512 2214 conjunctimGron.
578 2154 743 2202 rNovantro
754 2157 824 2203 Creu.
888 2156 1034 2203 francum
1100 2154 1204 2218 'sorum

129 2216 250 2263 ”Grom
314 2217 323 2249 i
335 2218 588 2277 postqumradditum
600 2216 664 2281 [qui]
676 2220 747 2266 Creu.
1112 2218 1115 2227 “

168 2343 202 2391 ts
216 2344 305 2404 Legem
319 2345 485 2393 umnam
497 2346 526 2394 C.
541 2344 655 2393 Claudias
685 2347 733 2400 rio,
749 2348 788 2394 vel
805 2346 935 2400 consulari,
951 2351 997 2392 etc.
1019 2346 1162 2405 irrogaretur
1177 2359 1208 2392 eo

131 2405 193 2453 tulit
217 2409 419 2468 maotmmsrulto]
436 2410 500 2454 Deio
515 2409 542 2452 de
558 2409 657 2452 divisim
688 2415 858 2467 temporeque
869 2415 1023 2467 perageretur
1038 2408 1208 2462 manumissio,

131 2471 174 2518 edi
193 2466 325 2531 jussimus,
347 2471 469 2526 quomodo
488 2470 563 2511 habet
580 2469 661 2521 prima
690 2475 721 2533 ut
741 2471 773 2518 is,
792 2472 904 2522 inquam,
924 2469 966 2524 qui
987 2468 1208 2524 manumitteretur,

130 2530 418 2585 edidmtastellearnio·
450 2529 662 2586 Sedetlegeeum
689 2525 1210 2589 Jusjunndumrbaretnonaamessemen.

133 2591 509 2656 Gronovioeeeesatumsssito.
536 2591 577 2638 Sic
593 2590 659 2636 euim
691 2598 742 2638 tem
762 2592 967 2646 manumittentis,
979 2602 1008 2638 ut
1023 2595 1083 2653 ipse,
1095 2594 1210 2650 idestis

21 2665 28 2686 ⁸
131 2661 197 2708 solet
209 2659 302 2705 Livius.
689 2657 732 2715 qui
747 2656 972 2709 manumittebatur,
989 2658 1113 2705 civitatem
1129 2669 1209 2708 muta·

166 2724 200 2770 tt
220 2722 254 2769 Ut
268 2722 376 2774 dictator,
394 2715 483 2781 coenat]
510 2719 594 2780 Vulgo
615 2719 655 2765 bic
687 2726 731 2765 ret.
749 2718 822 2779 Apud
830 2733 908 2765 emam
923 2734 989 2780 quem
1005 2723 1070 2768 idem
1087 2731 1124 2769 est
1135 2731 1209 2786 atque

131 2790 233 2850 legitur,
249 2786 528 2845 Utdietator..proetor
542 2784 656 2844 quiam
685 2784 837 2843 opudeoram
852 2785 959 2844 aliqum
979 2799 1067 2845 nempe
1083 2790 1149 2847 apud
1165 2791 1209 2836 aii.

131 2857 191 2900 esset
209 2849 375 2912 epsdfmm,
395 2862 462 2908 quem
482 2850 655 2895 mmmmm-
686 2861 760 2907 quem
777 2861 862 2894 eorum
877 2850 1067 2908 magistratuum
1080 2853 1123 2911 qui
1138 2852 1208 2899 initio

132 2922 182 2963 tur.
217 2914 269 2960 Nos
276 2918 479 2972 repraesentamus
491 2920 598 2958 veterem
610 2912 657 2956 hu·
689 2912 809 2957 nominati
831 2918 896 2957 sunt.
938 2911 985 2966 Qut
1005 2919 1060 2959 tunc
1080 2920 1136 2961 erret
1155 2929 1208 2962 om·

129 2978 175 3041 jus
184 2980 231 3024 loci
243 2978 383 3030 lectionem,
392 2977 489 3035 qualem
502 2975 656 3027 Lambecius,
689 2975 884 3034 ninolegendum
896 2981 1018 3035 putamus.
1049 2975 1208 3038 liujusenim

133 3045 227 3090 eitante
249 3040 365 3093 Hermio,
391 3041 489 3087 exhibet
510 3041 605 3086 comm.
625 3040 657 3084 de
689 3039 713 3084 S.
725 3038 800 3086 cmii
815 3053 864 3085 nou
877 3040 902 3083 in
914 3047 1060 3098 prensantem
1076 3043 1150 3086 modo
1165 3055 1209 3088 au·

134 3107 253 3154 Biblioth.
277 3104 384 3149 Vindob.
401 3105 418 3148 l.
435 3104 471 3150 11.
489 3119 509 3151 c.
522 3103 582 3161 θη).
599 3101 654 3148 dit&
688 3114 760 3155 num,
782 3103 825 3148 sed
847 3111 872 3149 et
894 3102 920 3147 in
942 3103 1039 3148 tuturos
1066 3104 1208 3162 pertinebat.

132 3172 306 3230 depromptam
323 3168 432 3212 exunloo
451 3167 596 3226 codiee,qui
612 3167 656 3212 bo·
689 3164 810 3211 Praeterea
838 3169 919 3212 nullus
946 3174 997 3211 erat
1025 3165 1121 3220 Romu,
1150 3173 1209 3215 tune

134 3236 174 3281 die
186 3234 212 3279 in
224 3227 375 3280 Bibliotheca
385 3230 495 3276 Cesarea
510 3235 655 3276 asservatur.
688 3242 766 3288 quum
778 3230 801 3274 S.
813 3231 839 3275 C.
851 3231 912 3276 illud
920 3231 1027 3284 daretur,
1040 3244 1084 3277 nee
1095 3232 1207 3288 dictator,

137 3299 168 3344 ld
188 3299 269 3343 solum
288 3295 450 3348 mutavimus,
467 3297 533 3354 quod
551 3305 595 3351 pro
615 3294 656 3353 qai
688 3305 733 3338 nee
750 3293 866 3347 interrex,
879 3307 956 3354 neque
967 3294 1051 3347 etiarm
1063 3302 1091 3340 ut
1103 3296 1208 3352 videtur,

139 3376 200 3408 asse
215 3365 272 3407 esset
290 3359 412 3404 edidimus
426 3360 467 3417 qui
483 3362 539 3403 tusc
553 3361 610 3402 met
625 3370 657 3403 er
688 3368 779 3401 censor.
817 3357 928 3417 Denique
934 3357 959 3402 id
966 3370 1059 3403 moram
1072 3360 1150 3405 iacere
1158 3373 1209 3406 uon

138 3431 221 3472 mente
238 3421 363 3476 Gronovii,
380 3428 406 3467 et
421 3419 569 3468 inseruimus
584 3433 658 3466 rocu-
688 3418 769 3472 debet,
781 3423 846 3478 quod
865 3423 896 3466 ab
911 3435 940 3467 eo
955 3421 998 3482 qni
1015 3425 1207 3478 manumittitur,

140 3491 192 3535 ism
210 3489 248 3547 qui
265 3493 323 3533 ante
341 3486 549 3531 mmunddmetur.
591 3483 658 3529 Nam
686 3478 859 3544 jusjurandum
887 3486 993 3546 exigitur
1019 3487 1050 3531 de
1075 3493 1158 3533 mente
1184 3493 1209 3532 et

137 3561 225 3601 eeterae
234 3549 382 3598 mutationes
398 3554 423 3593 et
438 3550 579 3595 leviusculas
590 3554 657 3600 suut,
690 3547 790 3592 oonsilio
808 3549 1011 3595 manumittentis.
1047 3549 1113 3596 Nam
1129 3551 1210 3610 primo

134 3625 162 3666 et
172 3615 279 3664 evidenti
290 3615 321 3659 de
331 3626 403 3660 eausa
415 3609 469 3674 jam
485 3613 545 3658 olim
561 3611 633 3657 iactes
643 3624 659 3656 a
689 3610 724 3655 ita
735 3623 762 3655 se
771 3624 824 3656 rem
834 3613 946 3659 babuisse
962 3613 1051 3658 invicte
1067 3618 1210 3672 probantes

136 3683 238 3729 Simone
249 3679 363 3737 Grynem,
374 3679 406 3723 ab
416 3677 577 3735 omnibusque
594 3674 661 3720 doin-
692 3687 749 3733 quoe
757 3675 867 3734 proxime
878 3683 1013 3736 sequuntur
1024 3679 1112 3724 verba:
1130 3679 1171 3739 qai
1184 3676 1210 3723 ld

134 3758 195 3805 seps
212 3743 343 3789 editoribus
359 3740 515 3801 approbator
534 3739 661 3785 nanumtt-
691 3751 737 3782 soa
749 3740 922 3799 jurantem
937 3742 1147 3787 maumittemum
1163 3753 1210 3785 nos

136 3812 198 3857 teret
218 3819 264 3867 pro
286 3807 457 3863 summittere,
479 3802 595 3849 erstem
614 3815 658 3861 pro
690 3806 833 3848 masuerum.
879 3804 937 3849 Jam
964 3817 1030 3858 vero,
1048 3819 1135 3866 ·quum
1167 3803 1210 3849 ilia

120 3870 275 3922 ‘bubastim
301 3871 395 3931 juraret
421 3881 465 3927 pro
490 3869 583 3928 jurare,
611 3873 657 3912 etc.
689 3865 765 3920 fraus,
774 3880 830 3926 quer
841 3867 887 3912 boc
899 3868 922 3913 S.
932 3868 958 3912 C.
968 3875 1075 3922 tuemur,
1087 3870 1112 3913 in
1123 3878 1210 3912 manu·

138 3932 308 3997 liujusigitur
317 3932 658 3979 senatusoonmltlhuueeese
689 3930 758 3975 missi
779 3931 900 3989 praecipne
926 3934 1084 3978 commodum
1104 3930 1209 3984 eederet,

137 4012 242 4046 sennun
255 3998 386 4048 aodimus,
400 4002 428 4042 ut
444 3997 486 4055 qui
502 3993 660 4040 manumitte·
692 3994 733 4039 iile
743 3995 878 4040 habebatur
888 3995 962 4040 totius
977 3996 1013 4040 rei
1029 3997 1119 4051 eaput:
1136 3996 1209 4051 atque

137 4073 218 4117 retur,
237 4062 277 4109 vel
295 4063 321 4106 in
341 4061 479 4105 libertatern
498 4059 661 4105 vindiemetur
691 4057 746 4103 ideo
757 4060 788 4103 ab
799 4072 827 4103 eo
835 4054 1009 4118 jusjurandum
1020 4056 1134 4114 exigitur.

136 4126 323 4188 aprrdaliquem
339 4123 519 4183 magistratum,
534 4122 660 4182 putadic·
723 4121 850 4167 beoee.
868 4150 894 4165 ..
911 4133 979 4165 eoam
996 4119 1105 4179 jurisque
1127 4118 1209 4187 dum]

137 4198 255 4243 tatarum,
267 4190 306 4246 vel
321 4188 456 4241 musoleru,
472 4187 510 4232 vel
526 4198 659 4239 oensomm,
691 4186 807 4233 Testatur
823 4184 977 4234 Lembecius,
994 4182 1156 4233 Commenta.
1179 4189 1210 4233 de

138 4257 177 4301 vel
204 4255 362 4313 interregem,
385 4252 424 4298 vel
450 4255 589 4310 praetorem,
617 4251 660 4310 qui
691 4251 808 4297 biblioth.
831 4245 938 4290 vindob.
955 4246 971 4290 1.
989 4245 1091 4295 liud.
1108 4251 1210 4296 unicum

140 4315 543 4378 mucessetidest,quimuuere
558 4315 660 4362 dictato-
691 4307 927 4373 exemplarhabeoet
944 4307 1210 4372 bet-..caminet-
