2942 4750
289 210 345 265 182
665 204 771 266 ΤΙΤΙ
803 200 935 262 L1v11

125 386 156 433 n.
167 385 193 433 u
205 385 260 432 sss
288 381 406 455 prusto
420 368 489 446 fuit,
506 370 628 434 obviam
642 369 756 431 missus
781 388 855 431 anm
875 367 1020 450 pecunia,
1045 366 1087 430 L.
1103 364 1247 429 Manlius
1261 387 1353 450 qnae-

122 452 155 497 Α
166 450 193 496 α
207 449 261 497 ¹⁶⁸·
289 467 365 533 stor,
382 457 438 539 qui
453 457 588 520 Romam
602 475 675 518 eum
690 452 819 536 publico
841 465 946 515 sumtu
967 450 1165 536 perduceret.
1209 450 1354 515 Adveni-

288 543 354 606 enti
368 540 527 624 extempio
541 553 666 604 senatus
688 540 778 602 datus
797 552 855 601 est.
899 537 932 602 Is
955 536 1136 601 adolescens
1159 538 1204 600 ita
1227 537 1352 600 iocutus

288 641 344 703 est,
377 637 421 704 nt,
452 649 524 711 quae
553 628 646 689 rebus
673 638 767 710 grata
802 634 902 701 erant,
933 623 1072 708 gratiora
1097 623 1201 685 verbis
1224 621 1355 686 funerat

290 712 568 790 Commemoravit,
597 722 670 795 quot
705 713 821 791 pedites
856 712 1038 792 equitesque,
1068 717 1138 792 quot
1168 710 1351 788 elephantos,

288 798 590 883 qsiasdamsrarnenti
603 818 638 860 ea
650 797 851 880 quadriennio
863 798 884 829 ⁸³
948 818 982 858 er
1002 817 1073 859 sans
1087 796 1120 856 in
1134 794 1352 857 Macedoniam

287 883 414 947 misisset
423 889 446 944 ¹³.
492 882 553 946 Sed
566 885 642 946 duas
655 905 704 946 res
717 884 745 944 ei
758 882 858 944 nabori
907 883 984 944 isse:
1005 901 1105 955 mam,
1122 882 1201 962 quod
1214 888 1353 962 rogasset

288 989 351 1032 eum
362 990 421 1051 per
434 970 551 1052 legatos
563 978 695 1043 senatus,
712 988 780 1050 quae
793 968 837 1028 ad
851 968 956 1028 bellum
968 987 1043 1048 opsss
1056 974 1160 1040 essent,
1177 975 1206 1026 et
1220 986 1282 1027 non
1295 965 1352 1027 irn-

281 1064 442 1137 perasset:
465 1054 602 1130 aiterarn,
629 1056 709 1136 qnod
730 1052 885 1132 manniam
911 1051 1017 1132 eipro
1029 1051 1192 1134 sarmento
1213 1052 1353 1113 misisset.

288 1139 486 1203 Masinissam
520 1141 693 1210 meminisse,
721 1159 841 1220 regnem
870 1157 891 1198 a
913 1138 1028 1218 populo
1056 1137 1195 1199 &mano
1223 1145 1353 1216 partum

287 1234 463 1308 auctamque
476 1234 506 1288 et
521 1226 751 1306 multiplicatam
765 1223 891 1285 habere:
908 1243 964 1283 asu
977 1223 1067 1304 regui
1079 1230 1246 1284 sordentum
1260 1223 1350 1295 seire,

287 1311 453 1372 dominium
483 1320 514 1371 et
527 1310 583 1392 jas
607 1331 716 1384 eonem,
740 1310 794 1391 qui
818 1307 963 1380 dederint,
987 1328 1057 1369 esse.
1100 1307 1224 1370 Sumere
1247 1306 1353 1389 itaque

286 1398 411 1470 eosdem,
422 1417 482 1458 non
495 1418 527 1459 se
540 1417 663 1479 rogare,
673 1415 785 1477 mrum
796 1414 867 1467 esse,
883 1393 904 1424 ‘⁶
915 1413 1009 1474 neque
1022 1413 1118 1453 emere
1132 1412 1178 1462 ea,
1190 1391 1351 1474 eafiueti·

286 1482 339 1544 bus
353 1483 429 1563 agri
442 1482 481 1542 ah
505 1503 537 1543 se
557 1482 626 1542 dati
640 1501 707 1563 qua
730 1479 778 1541 ihi
793 1479 988 1560 proueniant.
1036 1478 1072 1539 Id
1084 1476 1261 1541 Masinissae
1274 1478 1352 1539 satis

286 1587 356 1640 esse,
372 1575 402 1626 et
404 1566 493 1649 fore,
509 1567 587 1648 qnod
600 1567 711 1645 popsdo
726 1566 868 1626 Romano
887 1571 1056 1642 superesset.
1102 1562 1178 1624 Cam
1202 1564 1244 1624 iis
1263 1567 1352 1623 man·

286 1652 370 1714 dotis
384 1671 405 1711 a
413 1660 507 1732 patre
518 1647 684 1730 profectam
693 1659 802 1730 postea
815 1656 984 1710 comendes
997 1649 1119 1730 equites,
1136 1648 1189 1730 qui
1202 1649 1353 1710 deuictam

286 1736 500 1800 Macedoniarn
538 1735 726 1812 nunciarent,
752 1737 772 1768 ⁶⁷
777 1736 1022 1816 gratulatumque
1058 1733 1179 1796 senatui
1205 1731 1352 1815 juberent

234 1822 237 1828 ’
287 1824 433 1896 indicare,
452 1831 547 1884 tanta
561 1841 628 1883 eam
642 1841 704 1880 rein
723 1821 842 1881 lentitia
854 1820 941 1899 patri
954 1838 1007 1880 sno
1021 1839 1091 1892 esse,
1107 1829 1141 1881 at
1154 1820 1286 1881 &mam
1300 1839 1351 1881 oe·

285 1909 356 1978 nire
377 1908 460 1983 velit,
476 1908 607 1989 Jouiqae
625 1906 738 1984 optimo
756 1905 885 1967 manino
908 1906 942 1965 in
958 1904 1105 1982 Capitolio
1122 1904 1303 1985 sacrqfienre,
1319 1914 1351 1966 et

252 2025 255 2030 ι
282 2002 389 2073 grates
402 2013 511 2073 agere.-
531 1992 573 2066 id,
590 1991 653 2053 nisi
666 1990 878 2064 molestarent,
890 1989 1178 2069 uteipermittatur,
1192 1989 1351 2052 ahsenata

280 2086 422 2224 Whrfv.
448 2160 648 2245 Responsum
674 2162 785 2248 regulo
804 2170 868 2222 est:
892 2159 1007 2221 Facere
1021 2169 1144 2241 patrem
1165 2158 1230 2242 ejas
1243 2158 1349 2222 Masi·

239 2263 246 2278 ·
285 2248 407 2320 nissam,
422 2249 503 2329 qaod
514 2248 615 2310 vinem
633 2259 762 2330 gratum
782 2247 944 2327 manuque
955 2245 1067 2328 facere
1091 2247 1203 2319 decem,
1219 2255 1254 2307 ut
1272 2266 1350 2326 pre-
1444 2255 1458 2299 ι’

284 2332 356 2396 tirum
377 2333 573 2416 honoremque
586 2333 716 2398 “debito
741 2332 880 2414 benqieio
901 2332 1009 2395 addat.
1051 2332 1096 2394 Et
1119 2332 1259 2412 poputum
1280 2331 1349 2395 Ito·

283 2440 403 2482 manum
419 2420 459 2481 ab
473 2441 517 2496 eo,
533 2420 610 2483 beta
622 2419 843 2503 Punico‚sorti
854 2417 1007 2500 fidelique
1027 2436 1117 2498 opera
1136 2416 1296 2497 aeip'utnrm
1318 2426 1350 2480 et

262 2504 515 2589 'illurufovente
528 2508 644 2587 populo
666 2507 818 2579 Romano,
841 2524 965 2587 regnum
987 2504 1127 2583 adeptum
1136 2537 1148 2575 ,·
1172 2504 1349 2588 ”aequitate

733 2642 746 2679 h
755 2645 820 2688 misit
830 2642 900 2688 Creu.

316 2780 349 2827 st
364 2778 439 2824 Pater
448 2792 520 2823 raas.
533 2810 540 2825 .
552 2809 560 2826 .
572 2779 649 2842 matt]
661 2778 726 2839 Lege
741 2792 799 2825 cum
830 2781 959 2828 blanditur.
972 2781 1347 2830 Sodtamenisdinitnrhonorenn

284 2842 406 2888 Gronosio
416 2843 522 2888 misisset.
830 2847 958 2891 verborum
970 2846 1085 2893 berndoio
1095 2847 1191 2899 addere,
1204 2846 1246 2906 qui
1258 2846 1349 2891 benefi-

315 2906 347 2951 to
363 2904 446 2966 Neque
456 2918 529 2954 emere
538 2920 564 2952 oa
574 2920 603 2952 ae
611 2904 731 2966 sraetihas
745 2908 800 2966 agri
831 2908 868 2953 cio
879 2922 894 2954 a
904 2923 930 2954 so
941 2911 1027 2955 coliata
1044 2912 1116 2955 verba
1129 2911 1196 2955 addit
1207 2909 1345 2955 honorides.

283 2968 311 3013 ah
320 2982 344 3014 se
354 2968 471 3029 desitque
488 2971 520 3017 ihi
531 2970 679 3032 proueniant}
697 2971 797 3016 lndcetn
828 2973 862 3016 At
874 2973 913 3018 hio
925 2986 973 3017 non
981 2974 1060 3033 agitur
1069 2974 1099 3019 de
1108 2973 1221 3019 benefida
1231 2972 1346 3019 Masinis·

284 3035 420 3080 verbositas.
454 3033 491 3080 Ea
507 3035 598 3095 qaoetht
610 3034 797 3094 proueniuntni-
828 3036 1283 3090 sannomanmdiiomsnorumin
1291 3036 1348 3082 Ms-

283 3099 318 3143 hii
334 3098 399 3145 alind
419 3106 514 3154 sonant,
532 3112 606 3160 qnam
620 3098 717 3159 fruetus
732 3098 795 3158 agri.
827 3099 947 3145 sinissam.
965 3099 1346 3159 Naqneenimesadimusfastnrn

284 3162 413 3210 Ddsanrus
434 3176 492 3222 ergo
510 3164 563 3210 illas
580 3176 657 3216 vocas,
680 3169 797 3222 tanquam
829 3162 946 3209 Romana
957 3164 1132 3223 magnitudinis
1147 3164 1231 3209 sivisse
1246 3175 1287 3209 sss
1302 3176 1347 3223 sg-

282 3228 437 3286 nugatorium
453 3227 694 3287 interpretamentum
712 3228 744 3273 sb
759 3238 797 3270 os·
829 3228 1347 3286 noscenbeneseiuminsesregequamvts
1419 3276 1427 3299 Ι

282 3290 371 3334 citsnte
382 3290 478 3335 librario
487 3300 577 3337 temere
588 3290 705 3336 additum.
739 3289 797 3335 For·
829 3289 995 3349 potentissimo
1009 3292 1139 3337 collatums
1156 3291 1348 3349 nproenmin
1448 3286 1457 3308 ⁸

282 3358 346 3397 tssse
367 3355 465 3398 dederat
486 3354 587 3400 Liviuss
613 3367 654 3398 nee
675 3354 795 3412 quicquam
826 3354 856 3399 iis
870 3368 926 3414 que
945 3355 1085 3413 precedunt
1105 3354 1195 3400 dieitur
1214 3353 1348 3401 Masinissa

281 3416 622 3478 emereasruetihmogriah
637 3430 660 3462 se
675 3417 731 3461 dati.
764 3415 795 3462 Id
826 3417 852 3462 id
863 3418 944 3479 satore
964 3418 1024 3477 qaod
1044 3419 1123 3463 viram
1140 3422 1239 3478 gratum
1259 3416 1344 3463 deusd.

281 3477 417 3525 Masinissa
427 3482 571 3527 satiscsseet
580 3480 636 3541 sore
647 3512 654 3526 .
665 3511 691 3524 ..
827 3480 883 3527 Viri
893 3487 976 3527 antem
991 3481 1054 3541 grati
1070 3488 1107 3527 ost
1124 3483 1237 3527 utollere
1256 3482 1348 3527 med-

314 3540 345 3588 st
362 3541 554 3603 Gratulatumqae
580 3545 669 3590 senatui
689 3542 796 3605 juberent
827 3544 892 3591 dnm
903 3551 1040 3603 acceptum.
1053 3547 1267 3591 nonasedatnns.
1297 3582 1301 3590 .

282 3602 395 3666 irsdioare]
426 3607 457 3652 iit
475 3603 589 3667 juberent
611 3620 645 3661 se,
668 3613 797 3666 postquam
860 3606 892 3654 59
907 3607 1027 3666 AEqaitate
1046 3609 1100 3671 saa]
1120 3609 1181 3655 iius
1203 3609 1271 3654 nobis
1295 3622 1347 3655 non

280 3668 415 3728 gratulatus
426 3677 488 3715 esset
499 3671 602 3722 senatui.
613 3671 728 3716 indicare.
828 3671 1001 3732 sapiuntLirii
1020 3686 1129 3719 mum.
1161 3672 1278 3731 AEquttatt
1295 3685 1347 3720 non

312 3732 345 3785 68
361 3732 444 3779 Dehtto
462 3733 576 3796 herrestein]
593 3734 713 3781 &antido
728 3735 754 3779 in
769 3747 795 3780 sa
827 3736 993 3782 asthiolocus.
1027 3737 1243 3789 inclinatanimus,
1255 3743 1348 3784 utere-

281 3796 456 3852 Romanorum,
472 3798 537 3858 qnod
553 3799 599 3859 ipsi
618 3800 749 3845 debebatur
764 3800 795 3843 ob
827 3801 913 3847 damus
934 3801 1056 3859 scripsisse
1080 3808 1208 3846 nostrum=
1235 3802 1258 3844 et
1278 3799 1350 3847 thuris

280 3867 431 3909 oonstantem
455 3862 482 3908 in
509 3864 683 3922 rempubiioam
714 3863 794 3909 fidem.
818 3864 916 3925 favente
928 3865 1013 3924 popsrto
1033 3863 1137 3910 Romano
1156 3876 1255 3922 regnans
1275 3863 1347 3924 adep-

280 3923 366 3972 EIevnt
377 3927 560 3973 comitersuum
572 3927 715 3972 beneficium
727 3939 795 3972 sena·
827 3931 886 3981 tam,
902 3942 929 3973 ae
956 3929 1042 3973 ninute
1062 3941 1110 3972 sua.
1155 3927 1239 3972 Postea
1269 3928 1346 3975 trians

280 3994 328 4042 tus,
339 3990 438 4037 fatendo
449 3991 557 4036 debitum
568 3991 642 4036 inisse
652 3989 797 4043 Masinissa,
829 4004 912 4049 regum
923 3990 993 4045 hellin
1004 3998 1050 4036 eta.
1084 3991 1123 4037 Sic
1134 3992 1184 4037 fere
1200 3991 1226 4036 in
1236 3991 1349 4038 oratione

279 4053 397 4112 quidquid
415 4056 450 4100 iiii
467 4055 604 4114 prasinum
620 4066 635 4098 n
649 4052 799 4111 popuioiio·
830 4054 980 4101 Rhodiorum
991 4056 1086 4101 inisse.
1100 4054 1137 4101 28.
1170 4054 1348 4113 Stqsaeuestra

280 4127 352 4161 mano
373 4119 460 4165 fuerat.
499 4117 634 4163 Gronovius
653 4122 793 4174 suspectum
825 4130 886 4162 nune
902 4122 935 4162 est
948 4118 1049 4178 fortuna
1065 4117 1131 4163 desim
1146 4118 1294 4178 napum,
1316 4132 1347 4165 ae

279 4177 539 4234 habuithunoiocum,
552 4179 646 4239 legique
658 4192 794 4237 passerem
825 4183 911 4227 otrtras
922 4185 1004 4228 uestra·
1030 4182 1211 4241 Essaepeaiias
1240 4181 1347 4226 Preter-

280 4239 338 4291 wits
351 4246 377 4286 at
395 4245 499 4301 pretinm
511 4243 660 4301 honoremque
675 4242 795 4289 vatorum
826 4259 855 4291 ea
876 4245 929 4291 hnc
952 4248 1021 4292 nobis
1048 4252 1210 4292 mnsentanos
1230 4245 1349 4291 videm

279 4301 381 4362 henestes'o
395 4305 471 4351 addat
495 4306 556 4359 Qua
567 4302 705 4375 oonjectnra
714 4307 794 4367 primo
825 4310 924 4371 reliqua
935 4310 1107 4370 mationiquss
1119 4315 1169 4356 tots
1179 4308 1206 4355 in
1216 4321 1246 4355 eo
1256 4314 1305 4365 ost,
1315 4315 1348 4355 ut
