<?xml version="1.0" encoding="UTF-8"?>
<!DOCTYPE html PUBLIC "-//W3C//DTD XHTML 1.0 Transitional//EN"
    "http://www.w3.org/TR/xhtml1/DTD/xhtml1-transitional.dtd">
<html xmlns="http://www.w3.org/1999/xhtml" xml:lang="en" lang="en">
 <head>
  <title>
</title>
<meta http-equiv="Content-Type" content="text/html;charset=utf-8" />
  <meta name='ocr-system' content='tesseract 3.04.00' />
  <meta name='ocr-capabilities' content='ocr_page ocr_carea ocr_par ocr_line ocrx_word'/>
</head>
<body>
  <div class='ocr_page' id='page_1' title='image "./tliviipatavinih05crevgoog/tliviipatavinih05crevgoog_0484.png"; bbox 0 0 2942 4750; ppageno 0'>
   <div class='ocr_carea' id='block_1_1' title="bbox 269 172 986 251">
    <p class='ocr_par' dir='ltr' id='par_1_1' title="bbox 269 172 986 251">
     <span class='ocr_line' id='line_1_1' title="bbox 269 172 986 251; baseline -0.004 0"><span class='ocrx_word' id='word_1_1' title='bbox 269 175 357 251; x_wconf 75' lang='lat' dir='ltr'><strong>xviii</strong></span> <span class='ocrx_word' id='word_1_2' title='bbox 556 202 560 215; x_wconf 69' lang='lat'><strong><em>¹</em></strong></span> <span class='ocrx_word' id='word_1_3' title='bbox 641 172 986 251; x_wconf 83' lang='lat' dir='ltr'>PRAEFATIO.</span> 
     </span>
    </p>
   </div>
   <div class='ocr_carea' id='block_1_2' title="bbox 133 366 1457 2195">
    <p class='ocr_par' dir='ltr' id='par_1_2' title="bbox 133 366 1457 2195">
     <span class='ocr_line' id='line_1_2' title="bbox 271 366 1443 482; baseline -0.005 -23"><span class='ocrx_word' id='word_1_4' title='bbox 271 384 458 482; x_wconf 64' lang='lat' dir='ltr'><strong>paunus,</strong></span> <span class='ocrx_word' id='word_1_5' title='bbox 476 404 576 459; x_wconf 84' lang='lat' dir='ltr'><strong>mors</strong></span> <span class='ocrx_word' id='word_1_6' title='bbox 593 391 763 457; x_wconf 81' lang='lat' dir='ltr'><strong>narratur</strong></span> <span class='ocrx_word' id='word_1_7' title='bbox 779 409 803 456; x_wconf 90' lang='lat' dir='ltr'><strong>a</strong></span> <span class='ocrx_word' id='word_1_8' title='bbox 818 382 930 457; x_wconf 91' lang='lat' dir='ltr'><strong>Livio</strong></span> <span class='ocrx_word' id='word_1_9' title='bbox 940 382 1004 456; x_wconf 93' lang='lat' dir='ltr'><strong>lib</strong></span> <span class='ocrx_word' id='word_1_10' title='bbox 1023 374 1223 457; x_wconf 86' lang='lat' dir='ltr'>XXXIII.</span> <span class='ocrx_word' id='word_1_11' title='bbox 1250 403 1365 478; x_wconf 88' lang='lat' dir='ltr'><strong>capp.</strong></span> <span class='ocrx_word' id='word_1_12' title='bbox 1434 366 1443 389; x_wconf 72' lang='lat'><strong><em>⁹</em></strong></span> 
     </span>
     <span class='ocr_line' id='line_1_3' title="bbox 272 494 1367 594; baseline -0.005 -21.611"><span class='ocrx_word' id='word_1_13' title='bbox 272 505 389 575; x_wconf 53' lang='grc' dir='ltr'><strong>πει</strong></span> <span class='ocrx_word' id='word_1_14' title='bbox 404 504 464 573; x_wconf 77' lang='grc'><strong>28.</strong></span> <span class='ocrx_word' id='word_1_15' title='bbox 502 497 687 573; x_wconf 86' lang='lat' dir='ltr'><strong>Eamdem</strong></span> <span class='ocrx_word' id='word_1_16' title='bbox 702 496 951 573; x_wconf 78' lang='lat' dir='ltr'><strong>narrationem</strong></span> <span class='ocrx_word' id='word_1_17' title='bbox 963 496 1067 594; x_wconf 87' lang='lat' dir='ltr'><strong>apud</strong></span> <span class='ocrx_word' id='word_1_18' title='bbox 1081 494 1285 590; x_wconf 83' lang='lat' dir='ltr'>Polybium</span> <span class='ocrx_word' id='word_1_19' title='bbox 1301 494 1367 568; x_wconf 87' lang='lat' dir='ltr'><strong>ha-</strong></span> 
     </span>
     <span class='ocr_line' id='line_1_4' title="bbox 271 608 1443 708; baseline -0.007 -19"><span class='ocrx_word' id='word_1_20' title='bbox 271 612 429 693; x_wconf 86' lang='lat' dir='ltr'><strong>bemus</strong></span> <span class='ocrx_word' id='word_1_21' title='bbox 419 637 459 685; x_wconf 92' lang='grc' dir='ltr'><strong>ιιι</strong></span> <span class='ocrx_word' id='word_1_22' title='bbox 475 610 651 708; x_wconf 85' lang='lat' dir='ltr'><strong>Excerpt.</strong></span> <span class='ocrx_word' id='word_1_23' title='bbox 678 611 810 708; x_wconf 80' lang='lat' dir='ltr'><strong>legat.</strong></span> <span class='ocrx_word' id='word_1_24' title='bbox 827 636 864 685; x_wconf 92' lang='grc' dir='ltr'><strong>ιι</strong></span> <span class='ocrx_word' id='word_1_25' title='bbox 882 620 943 688; x_wconf 90' lang='grc'><strong>8.</strong></span> <span class='ocrx_word' id='word_1_26' title='bbox 967 610 1079 687; x_wconf 87' lang='lat' dir='ltr'><strong>Bello</strong></span> <span class='ocrx_word' id='word_1_27' title='bbox 1097 608 1368 696; x_wconf 86' lang='lat' dir='ltr'><strong>Macedonico,</strong></span> <span class='ocrx_word' id='word_1_28' title='bbox 1439 654 1443 661; x_wconf 89' lang='lat'><em>-</em></span> 
     </span>
     <span class='ocr_line' id='line_1_5' title="bbox 186 708 1370 825; baseline -0.004 -23"><span class='ocrx_word' id='word_1_29' title='bbox 186 714 189 719; x_wconf 60' lang='grc'>’</span> <span class='ocrx_word' id='word_1_30' title='bbox 274 708 397 802; x_wconf 84' lang='lat' dir='ltr'><strong>Boeoti</strong></span> <span class='ocrx_word' id='word_1_31' title='bbox 417 725 632 805; x_wconf 85' lang='lat' dir='ltr'><strong>societatem</strong></span> <span class='ocrx_word' id='word_1_32' title='bbox 648 750 737 801; x_wconf 88' lang='lat' dir='ltr'><strong>cum</strong></span> <span class='ocrx_word' id='word_1_33' title='bbox 751 725 800 800; x_wconf 86' lang='lat' dir='ltr'>T</span> <span class='ocrx_word' id='word_1_34' title='bbox 818 726 973 809; x_wconf 83' lang='lat' dir='ltr'><strong>Quintio</strong></span> <span class='ocrx_word' id='word_1_35' title='bbox 992 724 1248 825; x_wconf 74' lang='lat' dir='ltr'><strong>Romanisque</strong></span> <span class='ocrx_word' id='word_1_36' title='bbox 1264 734 1370 799; x_wconf 87' lang='lat' dir='ltr'><strong>metu</strong></span> 
     </span>
     <span class='ocr_line' id='line_1_6' title="bbox 273 839 1369 939; baseline -0.005 -22"><span class='ocrx_word' id='word_1_37' title='bbox 273 841 390 937; x_wconf 79' lang='lat' dir='ltr'><strong>magis</strong></span> <span class='ocrx_word' id='word_1_38' title='bbox 411 852 527 936; x_wconf 83' lang='lat' dir='ltr'><strong>quam</strong></span> <span class='ocrx_word' id='word_1_39' title='bbox 542 840 765 916; x_wconf 75' lang='lat' dir='ltr'><strong>voluntate</strong></span> <span class='ocrx_word' id='word_1_40' title='bbox 756 841 924 917; x_wconf 82' lang='lat' dir='ltr'><strong>inierant.</strong></span> <span class='ocrx_word' id='word_1_41' title='bbox 975 840 1109 939; x_wconf 84' lang='lat' dir='ltr'><strong>Itaque</strong></span> <span class='ocrx_word' id='word_1_42' title='bbox 1125 839 1290 938; x_wconf 78' lang='lat' dir='ltr'><strong>plerique</strong></span> <span class='ocrx_word' id='word_1_43' title='bbox 1308 864 1369 913; x_wconf 80' lang='lat' dir='ltr'><strong>re·</strong></span> 
     </span>
     <span class='ocr_line' id='line_1_7' title="bbox 273 954 1425 1053; baseline -0.003 -23"><span class='ocrx_word' id='word_1_44' title='bbox 273 965 369 1030; x_wconf 88' lang='lat' dir='ltr'><strong>teres</strong></span> <span class='ocrx_word' id='word_1_45' title='bbox 391 954 515 1030; x_wconf 90' lang='lat' dir='ltr'><strong>socios</strong></span> <span class='ocrx_word' id='word_1_46' title='bbox 538 957 809 1053; x_wconf 67' lang='lat' dir='ltr'><strong>respectabant,</strong></span> <span class='ocrx_word' id='word_1_47' title='bbox 836 967 874 1030; x_wconf 91' lang='lat' dir='ltr'><strong>et</strong></span> <span class='ocrx_word' id='word_1_48' title='bbox 894 982 945 1032; x_wconf 89' lang='lat' dir='ltr'><strong>ne</strong></span> <span class='ocrx_word' id='word_1_49' title='bbox 965 956 1113 1031; x_wconf 86' lang='lat' dir='ltr'><strong>devicto</strong></span> <span class='ocrx_word' id='word_1_50' title='bbox 1137 954 1290 1052; x_wconf 87' lang='lat' dir='ltr'><strong>quidem</strong></span> <span class='ocrx_word' id='word_1_51' title='bbox 1308 954 1425 1046; x_wconf 79' lang='lat' dir='ltr'><strong>.,acl</strong></span> 
     </span>
     <span class='ocr_line' id='line_1_8' title="bbox 273 1064 1416 1169; baseline -0.005 -22"><span class='ocrx_word' id='word_1_52' title='bbox 273 1069 579 1166; x_wconf 78' lang='lat' dir='ltr'><strong>Cynoscephalas</strong></span> <span class='ocrx_word' id='word_1_53' title='bbox 598 1068 787 1167; x_wconf 88' lang='lat' dir='ltr'><strong>Philippo,</strong></span> <span class='ocrx_word' id='word_1_54' title='bbox 800 1071 1020 1147; x_wconf 85' lang='lat' dir='ltr'><strong>destiterunt</strong></span> <span class='ocrx_word' id='word_1_55' title='bbox 1037 1069 1296 1145; x_wconf 74' lang='lat' dir='ltr'><strong>Macedonum</strong></span> <span class='ocrx_word' id='word_1_56' title='bbox 1313 1092 1368 1141; x_wconf 88' lang='lat' dir='ltr'><strong>re·</strong></span> <span class='ocrx_word' id='word_1_57' title='bbox 1364 1064 1416 1169; x_wconf 66' lang='lat' dir='ltr'><em>J</em></span> 
     </span>
     <span class='ocr_line' id='line_1_9' title="bbox 274 1178 1372 1314; baseline -0.003 -54"><span class='ocrx_word' id='word_1_58' title='bbox 274 1183 346 1261; x_wconf 90' lang='lat' dir='ltr'><strong>bus</strong></span> <span class='ocrx_word' id='word_1_59' title='bbox 365 1184 525 1279; x_wconf 83' lang='lat' dir='ltr'><strong>studere.</strong></span> <span class='ocrx_word' id='word_1_60' title='bbox 575 1182 686 1258; x_wconf 87' lang='lat' dir='ltr'><strong>Tunc</strong></span> <span class='ocrx_word' id='word_1_61' title='bbox 709 1184 887 1281; x_wconf 83' lang='lat' dir='ltr'><strong>temporis</strong></span> <span class='ocrx_word' id='word_1_62' title='bbox 905 1184 1126 1314; x_wconf 79' lang='lat' dir='ltr'><strong>Brachyllae</strong></span> <span class='ocrx_word' id='word_1_63' title='bbox 1148 1185 1289 1258; x_wconf 88' lang='lat' dir='ltr'><strong>electus</strong></span> <span class='ocrx_word' id='word_1_64' title='bbox 1311 1178 1372 1257; x_wconf 86' lang='grc' dir='ltr'><strong>ὧι</strong></span> 
     </span>
     <span class='ocr_line' id='line_1_10' title="bbox 133 1270 1370 1396; baseline -0.001 -24"><span class='ocrx_word' id='word_1_65' title='bbox 133 1331 135 1335; x_wconf 56' lang='grc'>’</span> <span class='ocrx_word' id='word_1_66' title='bbox 275 1270 531 1386; x_wconf 79' lang='lat' dir='ltr'><strong>Boeotarches,</strong></span> <span class='ocrx_word' id='word_1_67' title='bbox 543 1322 621 1372; x_wconf 89' lang='lat' dir='ltr'><strong>non</strong></span> <span class='ocrx_word' id='word_1_68' title='bbox 639 1299 752 1373; x_wconf 82' lang='lat' dir='ltr'><strong>aliam</strong></span> <span class='ocrx_word' id='word_1_69' title='bbox 763 1299 813 1372; x_wconf 90' lang='lat' dir='ltr'><strong>ob</strong></span> <span class='ocrx_word' id='word_1_70' title='bbox 825 1323 980 1377; x_wconf 84' lang='lat' dir='ltr'><strong>causam</strong></span> <span class='ocrx_word' id='word_1_71' title='bbox 992 1299 1123 1396; x_wconf 79' lang='lat' dir='ltr'><strong>magis,</strong></span> <span class='ocrx_word' id='word_1_72' title='bbox 1136 1322 1251 1395; x_wconf 85' lang='lat' dir='ltr'><strong>quam</strong></span> <span class='ocrx_word' id='word_1_73' title='bbox 1263 1298 1370 1395; x_wconf 89' lang='lat' dir='ltr'><strong>quod</strong></span> 
     </span>
     <span class='ocr_line' id='line_1_11' title="bbox 274 1410 1371 1512; baseline -0.001 -27"><span class='ocrx_word' id='word_1_74' title='bbox 274 1437 461 1510; x_wconf 89' lang='lat' dir='ltr'><strong>propenso</strong></span> <span class='ocrx_word' id='word_1_75' title='bbox 477 1413 516 1485; x_wconf 90' lang='lat' dir='ltr'><strong>in</strong></span> <span class='ocrx_word' id='word_1_76' title='bbox 536 1412 749 1512; x_wconf 86' lang='lat' dir='ltr'><strong>Philippum</strong></span> <span class='ocrx_word' id='word_1_77' title='bbox 765 1413 890 1489; x_wconf 90' lang='lat' dir='ltr'><strong>animo</strong></span> <span class='ocrx_word' id='word_1_78' title='bbox 906 1438 989 1489; x_wconf 83' lang='lat' dir='ltr'><strong>esse</strong></span> <span class='ocrx_word' id='word_1_79' title='bbox 1005 1414 1227 1488; x_wconf 82' lang='lat' dir='ltr'><strong>crederetm.</strong></span> <span class='ocrx_word' id='word_1_80' title='bbox 1271 1410 1371 1485; x_wconf 82' lang='lat' dir='ltr'><strong>Haec</strong></span> 
     </span>
     <span class='ocr_line' id='line_1_12' title="bbox 275 1527 1371 1627; baseline 0.001 -27"><span class='ocrx_word' id='word_1_81' title='bbox 275 1537 315 1600; x_wconf 92' lang='lat' dir='ltr'><strong>et</strong></span> <span class='ocrx_word' id='word_1_82' title='bbox 326 1528 404 1609; x_wconf 66' lang='lat' dir='ltr'><strong>‚alia</strong></span> <span class='ocrx_word' id='word_1_83' title='bbox 419 1528 595 1625; x_wconf 72' lang='lat' dir='ltr'><strong>quedam</strong></span> <span class='ocrx_word' id='word_1_84' title='bbox 611 1529 747 1603; x_wconf 88' lang='lat' dir='ltr'><strong>eodem</strong></span> <span class='ocrx_word' id='word_1_85' title='bbox 768 1528 990 1627; x_wconf 79' lang='lat' dir='ltr'><strong>pertinentia</strong></span> <span class='ocrx_word' id='word_1_86' title='bbox 1004 1552 1121 1625; x_wconf 89' lang='lat' dir='ltr'><strong>quum</strong></span> <span class='ocrx_word' id='word_1_87' title='bbox 1138 1527 1371 1625; x_wconf 66' lang='lat' dir='ltr'><strong>animoflrer·</strong></span> 
     </span>
     <span class='ocr_line' id='line_1_13' title="bbox 276 1640 1457 1739; baseline 0.003 -24"><span class='ocrx_word' id='word_1_88' title='bbox 276 1651 398 1717; x_wconf 87' lang='lat' dir='ltr'><strong>terent</strong></span> <span class='ocrx_word' id='word_1_89' title='bbox 420 1641 605 1739; x_wconf 82' lang='lat' dir='ltr'><strong>principes</strong></span> <span class='ocrx_word' id='word_1_90' title='bbox 630 1666 757 1718; x_wconf 86' lang='lat' dir='ltr'><strong>eorum</strong></span> <span class='ocrx_word' id='word_1_91' title='bbox 775 1643 840 1738; x_wconf 93' lang='lat' dir='ltr'><strong>qui</strong></span> <span class='ocrx_word' id='word_1_92' title='bbox 858 1641 1041 1719; x_wconf 83' lang='lat' dir='ltr'><strong>Romanis</strong></span> <span class='ocrx_word' id='word_1_93' title='bbox 1061 1642 1229 1738; x_wconf 85' lang='lat' dir='ltr'><strong>partibus</strong></span> <span class='ocrx_word' id='word_1_94' title='bbox 1244 1640 1372 1715; x_wconf 74' lang='lat' dir='ltr'><strong>surde·</strong></span> <span class='ocrx_word' id='word_1_95' title='bbox 1456 1670 1457 1719; x_wconf 77' lang='grc' dir='ltr'><strong>ι</strong></span> 
     </span>
     <span class='ocr_line' id='line_1_14' title="bbox 277 1755 1371 1855; baseline -0.003 -24"><span class='ocrx_word' id='word_1_96' title='bbox 277 1758 380 1845; x_wconf 83' lang='lat' dir='ltr'><strong>bant,</strong></span> <span class='ocrx_word' id='word_1_97' title='bbox 416 1756 627 1854; x_wconf 71' lang='lat' dir='ltr'><strong>Zeuxippus</strong></span> <span class='ocrx_word' id='word_1_98' title='bbox 664 1766 703 1830; x_wconf 88' lang='lat' dir='ltr'><strong>et</strong></span> <span class='ocrx_word' id='word_1_99' title='bbox 741 1755 970 1844; x_wconf 84' lang='lat' dir='ltr'><strong>Pisistratus,</strong></span> <span class='ocrx_word' id='word_1_100' title='bbox 1008 1766 1148 1831; x_wconf 87' lang='lat' dir='ltr'><strong>metum</strong></span> <span class='ocrx_word' id='word_1_101' title='bbox 1171 1764 1371 1855; x_wconf 84' lang='lat' dir='ltr'><strong>ceperunt,</strong></span> 
     </span>
     <span class='ocr_line' id='line_1_15' title="bbox 185 1869 1376 1967; baseline -0.001 -24"><span class='ocrx_word' id='word_1_102' title='bbox 185 1890 192 1908; x_wconf 40' lang='grc' dir='ltr'>ι</span> <span class='ocrx_word' id='word_1_103' title='bbox 278 1896 394 1966; x_wconf 89' lang='lat' dir='ltr'><strong>quum</strong></span> <span class='ocrx_word' id='word_1_104' title='bbox 418 1872 468 1944; x_wconf 85' lang='lat' dir='ltr'><strong>ad</strong></span> <span class='ocrx_word' id='word_1_105' title='bbox 490 1880 617 1966; x_wconf 85' lang='lat' dir='ltr'><strong>portas</strong></span> <span class='ocrx_word' id='word_1_106' title='bbox 640 1894 757 1967; x_wconf 84' lang='lat' dir='ltr'><strong>prope</strong></span> <span class='ocrx_word' id='word_1_107' title='bbox 778 1872 932 1947; x_wconf 85' lang='lat' dir='ltr'><strong>sedente</strong></span> <span class='ocrx_word' id='word_1_108' title='bbox 953 1870 1117 1947; x_wconf 82' lang='lat' dir='ltr'><strong>exercitu</strong></span> <span class='ocrx_word' id='word_1_109' title='bbox 1133 1869 1313 1945; x_wconf 85' lang='lat' dir='ltr'><strong>Romano</strong></span> <span class='ocrx_word' id='word_1_110' title='bbox 1329 1892 1376 1942; x_wconf 82' lang='lat' dir='ltr'><strong>ee</strong></span> 
     </span>
     <span class='ocr_line' id='line_1_16' title="bbox 278 1980 1375 2083; baseline 0 -27"><span class='ocrx_word' id='word_1_111' title='bbox 278 1986 417 2068; x_wconf 84' lang='lat' dir='ltr'><strong>fierent,</strong></span> <span class='ocrx_word' id='word_1_112' title='bbox 441 1980 622 2076; x_wconf 78' lang='lat' dir='ltr'><strong>quidnam</strong></span> <span class='ocrx_word' id='word_1_113' title='bbox 647 2009 688 2056; x_wconf 88' lang='lat' dir='ltr'><strong>se</strong></span> <span class='ocrx_word' id='word_1_114' title='bbox 713 1985 877 2059; x_wconf 82' lang='lat' dir='ltr'><strong>futurum</strong></span> <span class='ocrx_word' id='word_1_115' title='bbox 901 1996 1011 2071; x_wconf 86' lang='lat' dir='ltr'><strong>esset,</strong></span> <span class='ocrx_word' id='word_1_116' title='bbox 1037 1984 1211 2083; x_wconf 83' lang='lat' dir='ltr'><strong>profectis</strong></span> <span class='ocrx_word' id='word_1_117' title='bbox 1233 1984 1274 2057; x_wconf 89' lang='lat' dir='ltr'><strong>in</strong></span> <span class='ocrx_word' id='word_1_118' title='bbox 1298 1982 1375 2057; x_wconf 83' lang='lat' dir='ltr'><strong>lta·</strong></span> 
     </span>
     <span class='ocr_line' id='line_1_17' title="bbox 278 2095 1457 2195; baseline 0.008 -26"><span class='ocrx_word' id='word_1_119' title='bbox 278 2096 367 2170; x_wconf 84' lang='lat' dir='ltr'><strong>liam</strong></span> <span class='ocrx_word' id='word_1_120' title='bbox 385 2095 580 2170; x_wconf 77' lang='lat' dir='ltr'><strong>Romanis.</strong></span> <span class='ocrx_word' id='word_1_121' title='bbox 632 2096 766 2194; x_wconf 87' lang='lat' dir='ltr'><strong>ltaque</strong></span> <span class='ocrx_word' id='word_1_122' title='bbox 783 2108 825 2172; x_wconf 89' lang='lat' dir='ltr'><strong>ut</strong></span> <span class='ocrx_word' id='word_1_123' title='bbox 840 2099 972 2177; x_wconf 84' lang='lat' dir='ltr'><strong>timore</strong></span> <span class='ocrx_word' id='word_1_124' title='bbox 987 2099 1124 2195; x_wconf 85' lang='lat' dir='ltr'><strong>injecto</strong></span> <span class='ocrx_word' id='word_1_125' title='bbox 1142 2097 1376 2178; x_wconf 76' lang='lat' dir='ltr'><strong>adversanos</strong></span> <span class='ocrx_word' id='word_1_126' title='bbox 1456 2140 1457 2159; x_wconf 61' lang='grc' dir='ltr'><strong>ι</strong></span> 
     </span>
    </p>
   </div>
   <div class='ocr_carea' id='block_1_3' title="bbox 280 2210 1457 4148">
    <p class='ocr_par' dir='ltr' id='par_1_3' title="bbox 280 2210 1457 2634">
     <span class='ocr_line' id='line_1_18' title="bbox 280 2210 1457 2309; baseline 0.003 -23"><span class='ocrx_word' id='word_1_127' title='bbox 280 2210 576 2309; x_wconf 82' lang='lat' dir='ltr'><strong>comprimerent,</strong></span> <span class='ocrx_word' id='word_1_128' title='bbox 604 2210 846 2308; x_wconf 85' lang='lat' dir='ltr'><strong>Brachyllam</strong></span> <span class='ocrx_word' id='word_1_129' title='bbox 871 2215 1043 2295; x_wconf 83' lang='lat' dir='ltr'><strong>emedio</strong></span> <span class='ocrx_word' id='word_1_130' title='bbox 1072 2214 1202 2289; x_wconf 89' lang='lat' dir='ltr'><strong>tollere</strong></span> <span class='ocrx_word' id='word_1_131' title='bbox 1234 2223 1376 2289; x_wconf 72' lang='lat' dir='ltr'><strong>statue·</strong></span> <span class='ocrx_word' id='word_1_132' title='bbox 1456 2234 1457 2245; x_wconf 57' lang='lat'>¹</span> 
     </span>
     <span class='ocr_line' id='line_1_19' title="bbox 281 2324 1376 2427; baseline 0.003 -25"><span class='ocrx_word' id='word_1_133' title='bbox 281 2338 378 2402; x_wconf 90' lang='lat' dir='ltr'><strong>runt</strong></span> <span class='ocrx_word' id='word_1_134' title='bbox 431 2324 640 2425; x_wconf 85' lang='lat' dir='ltr'><strong>Hucusque</strong></span> <span class='ocrx_word' id='word_1_135' title='bbox 669 2327 829 2425; x_wconf 71' lang='lat' dir='ltr'><strong>perbene</strong></span> <span class='ocrx_word' id='word_1_136' title='bbox 861 2329 956 2404; x_wconf 86' lang='lat' dir='ltr'><strong>inter</strong></span> <span class='ocrx_word' id='word_1_137' title='bbox 976 2339 1187 2427; x_wconf 86' lang='lat' dir='ltr'><strong>utrumque</strong></span> <span class='ocrx_word' id='word_1_138' title='bbox 1220 2329 1376 2425; x_wconf 68' lang='lat' dir='ltr'><strong>scripto</strong></span> 
     </span>
     <span class='ocr_line' id='line_1_20' title="bbox 281 2441 1378 2542; baseline 0 -25"><span class='ocrx_word' id='word_1_139' title='bbox 281 2468 361 2517; x_wconf 90' lang='lat' dir='ltr'><strong>rem</strong></span> <span class='ocrx_word' id='word_1_140' title='bbox 387 2441 580 2518; x_wconf 89' lang='lat' dir='ltr'><strong>convenit:</strong></span> <span class='ocrx_word' id='word_1_141' title='bbox 609 2468 675 2518; x_wconf 88' lang='lat' dir='ltr'><strong>seu</strong></span> <span class='ocrx_word' id='word_1_142' title='bbox 700 2443 824 2542; x_wconf 85' lang='lat' dir='ltr'><strong>potins</strong></span> <span class='ocrx_word' id='word_1_143' title='bbox 849 2445 1024 2520; x_wconf 81' lang='lat' dir='ltr'><strong>exscribit</strong></span> <span class='ocrx_word' id='word_1_144' title='bbox 1048 2469 1135 2520; x_wconf 87' lang='lat' dir='ltr'><strong>cum</strong></span> <span class='ocrx_word' id='word_1_145' title='bbox 1160 2445 1236 2518; x_wconf 86' lang='lat' dir='ltr'><strong>fide</strong></span> <span class='ocrx_word' id='word_1_146' title='bbox 1262 2443 1378 2539; x_wconf 82' lang='lat' dir='ltr'><strong>Poly-</strong></span> 
     </span>
     <span class='ocr_line' id='line_1_21' title="bbox 281 2560 554 2636; baseline 0 -2"><span class='ocrx_word' id='word_1_147' title='bbox 281 2560 385 2634; x_wconf 89' lang='lat' dir='ltr'><strong>bium</strong></span> <span class='ocrx_word' id='word_1_148' title='bbox 402 2560 554 2636; x_wconf 85' lang='lat' dir='ltr'><strong>livius.</strong></span> 
     </span>
    </p>

    <p class='ocr_par' dir='ltr' id='par_1_4' title="bbox 283 2629 1457 4148">
     <span class='ocr_line' id='line_1_22' title="bbox 313 2629 1379 2771; baseline 0 -25"><span class='ocrx_word' id='word_1_149' title='bbox 313 2674 388 2748; x_wconf 85' lang='lat' dir='ltr'><strong>&#39;At</strong></span> <span class='ocrx_word' id='word_1_150' title='bbox 411 2673 451 2746; x_wconf 93' lang='lat' dir='ltr'><strong>id</strong></span> <span class='ocrx_word' id='word_1_151' title='bbox 473 2673 619 2746; x_wconf 90' lang='lat' dir='ltr'><strong>reticuit</strong></span> <span class='ocrx_word' id='word_1_152' title='bbox 643 2677 748 2767; x_wconf 92' lang='lat' dir='ltr'><strong>quod</strong></span> <span class='ocrx_word' id='word_1_153' title='bbox 774 2677 876 2771; x_wconf 85' lang='lat' dir='ltr'><strong>apud</strong></span> <span class='ocrx_word' id='word_1_154' title='bbox 892 2653 1067 2751; x_wconf 66' lang='lat' dir='ltr'><strong>Graecum</strong></span> <span class='ocrx_word' id='word_1_155' title='bbox 1087 2629 1306 2750; x_wconf 85' lang='lat' dir='ltr'><strong>historicum</strong></span> <span class='ocrx_word' id='word_1_156' title='bbox 1321 2699 1379 2748; x_wconf 88' lang='lat' dir='ltr'><strong>se·</strong></span> 
     </span>
     <span class='ocr_line' id='line_1_23' title="bbox 283 2771 1379 2881; baseline 0.005 -25"><span class='ocrx_word' id='word_1_157' title='bbox 283 2771 418 2881; x_wconf 82' lang='lat' dir='ltr'><strong>quitur,</strong></span> <span class='ocrx_word' id='word_1_158' title='bbox 450 2785 682 2881; x_wconf 87' lang='lat' dir='ltr'><strong>Zeuxippum</strong></span> <span class='ocrx_word' id='word_1_159' title='bbox 711 2797 750 2860; x_wconf 90' lang='lat' dir='ltr'><strong>et</strong></span> <span class='ocrx_word' id='word_1_160' title='bbox 777 2789 1015 2866; x_wconf 86' lang='lat' dir='ltr'><strong>Pisistratum</strong></span> <span class='ocrx_word' id='word_1_161' title='bbox 1044 2791 1094 2864; x_wconf 88' lang='lat' dir='ltr'><strong>de</strong></span> <span class='ocrx_word' id='word_1_162' title='bbox 1122 2813 1192 2864; x_wconf 88' lang='lat' dir='ltr'><strong>sno</strong></span> <span class='ocrx_word' id='word_1_163' title='bbox 1220 2788 1379 2863; x_wconf 88' lang='lat' dir='ltr'><strong>consilio</strong></span> 
     </span>
     <span class='ocr_line' id='line_1_24' title="bbox 284 2896 1382 3000; baseline 0.011 -31"><span class='ocrx_word' id='word_1_164' title='bbox 284 2920 369 2970; x_wconf 90' lang='lat' dir='ltr'><strong>cum</strong></span> <span class='ocrx_word' id='word_1_165' title='bbox 395 2897 443 2969; x_wconf 90' lang='lat' dir='ltr'><strong>T.</strong></span> <span class='ocrx_word' id='word_1_166' title='bbox 462 2896 616 2979; x_wconf 89' lang='lat' dir='ltr'><strong>Quintio</strong></span> <span class='ocrx_word' id='word_1_167' title='bbox 642 2899 853 2974; x_wconf 88' lang='lat' dir='ltr'><strong>collocutos</strong></span> <span class='ocrx_word' id='word_1_168' title='bbox 878 2927 983 2993; x_wconf 78' lang='lat' dir='ltr'><strong>esse3</strong></span> <span class='ocrx_word' id='word_1_169' title='bbox 1012 2903 1382 3000; x_wconf 75' lang='lat' dir='ltr'><strong>iltumrespondisse</strong></span> 
     </span>
     <span class='ocr_line' id='line_1_25' title="bbox 285 3010 1457 3115; baseline 0.003 -29"><span class='ocrx_word' id='word_1_170' title='bbox 285 3036 367 3086; x_wconf 88' lang='lat' dir='ltr'><strong>sese</strong></span> <span class='ocrx_word' id='word_1_171' title='bbox 397 3012 459 3085; x_wconf 86' lang='lat' dir='ltr'><strong>ad&#39;</strong></span> <span class='ocrx_word' id='word_1_172' title='bbox 475 3012 548 3084; x_wconf 90' lang='lat' dir='ltr'><strong>hoc</strong></span> <span class='ocrx_word' id='word_1_173' title='bbox 575 3010 955 3108; x_wconf 78' lang='lat' dir='ltr'><strong>facinusadjutorem</strong></span> <span class='ocrx_word' id='word_1_174' title='bbox 980 3018 1132 3115; x_wconf 88' lang='lat' dir='ltr'><strong>quidem</strong></span> <span class='ocrx_word' id='word_1_175' title='bbox 1160 3042 1244 3096; x_wconf 77' lang='lat' dir='ltr'><strong>esse</strong></span> <span class='ocrx_word' id='word_1_176' title='bbox 1265 3016 1381 3101; x_wconf 91' lang='lat' dir='ltr'><strong>nolle,</strong></span> <span class='ocrx_word' id='word_1_177' title='bbox 1456 3053 1457 3056; x_wconf 37' lang='lat'>¹</span> 
     </span>
     <span class='ocr_line' id='line_1_26' title="bbox 286 3126 1379 3226; baseline 0.001 -23"><span class='ocrx_word' id='word_1_178' title='bbox 286 3137 461 3215; x_wconf 87' lang='lat' dir='ltr'><strong>ceterum,</strong></span> <span class='ocrx_word' id='word_1_179' title='bbox 482 3126 515 3201; x_wconf 87' lang='lat' dir='ltr'><strong>si</strong></span> <span class='ocrx_word' id='word_1_180' title='bbox 537 3126 622 3223; x_wconf 87' lang='lat' dir='ltr'><strong>quis</strong></span> <span class='ocrx_word' id='word_1_181' title='bbox 647 3151 726 3202; x_wconf 87' lang='lat' dir='ltr'><strong>reru</strong></span> <span class='ocrx_word' id='word_1_182' title='bbox 748 3141 1000 3226; x_wconf 80' lang='lat' dir='ltr'><strong>exequeretur,</strong></span> <span class='ocrx_word' id='word_1_183' title='bbox 1022 3132 1114 3206; x_wconf 85' lang='lat' dir='ltr'><strong>nihil</strong></span> <span class='ocrx_word' id='word_1_184' title='bbox 1137 3132 1177 3204; x_wconf 90' lang='lat' dir='ltr'><strong>in</strong></span> <span class='ocrx_word' id='word_1_185' title='bbox 1199 3157 1241 3206; x_wconf 86' lang='lat' dir='ltr'><strong>se</strong></span> <span class='ocrx_word' id='word_1_186' title='bbox 1262 3153 1379 3204; x_wconf 73' lang='lat' dir='ltr'><strong>morte</strong></span> 
     </span>
     <span class='ocr_line' id='line_1_27' title="bbox 286 3240 1457 3339; baseline 0.001 -22"><span class='ocrx_word' id='word_1_187' title='bbox 286 3244 471 3317; x_wconf 84' lang='lat' dir='ltr'><strong>futurum:</strong></span> <span class='ocrx_word' id='word_1_188' title='bbox 499 3240 659 3339; x_wconf 88' lang='lat' dir='ltr'><strong>denique</strong></span> <span class='ocrx_word' id='word_1_189' title='bbox 676 3243 835 3337; x_wconf 89' lang='lat' dir='ltr'><strong>jussisse</strong></span> <span class='ocrx_word' id='word_1_190' title='bbox 858 3268 923 3320; x_wconf 85' lang='lat' dir='ltr'><strong>eos</strong></span> <span class='ocrx_word' id='word_1_191' title='bbox 939 3255 1058 3320; x_wconf 85' lang='lat' dir='ltr'><strong>totam</strong></span> <span class='ocrx_word' id='word_1_192' title='bbox 1078 3270 1156 3321; x_wconf 82' lang='lat' dir='ltr'><strong>rem</strong></span> <span class='ocrx_word' id='word_1_193' title='bbox 1172 3244 1382 3324; x_wconf 86' lang='lat' dir='ltr'><strong>communi·</strong></span> <span class='ocrx_word' id='word_1_194' title='bbox 1456 3307 1457 3338; x_wconf 73' lang='lat'><strong>,</strong></span> 
     </span>
     <span class='ocr_line' id='line_1_28' title="bbox 287 3341 1457 3457; baseline 0.003 -27"><span class='ocrx_word' id='word_1_195' title='bbox 287 3382 373 3431; x_wconf 81' lang='lat' dir='ltr'><strong>care</strong></span> <span class='ocrx_word' id='word_1_196' title='bbox 399 3381 486 3431; x_wconf 90' lang='lat' dir='ltr'><strong>cum</strong></span> <span class='ocrx_word' id='word_1_197' title='bbox 510 3356 746 3431; x_wconf 76' lang='lat' dir='ltr'><strong>Alexamene</strong></span> <span class='ocrx_word' id='word_1_198' title='bbox 769 3358 981 3433; x_wconf 82' lang='lat' dir='ltr'><strong>AEtolorum</strong></span> <span class='ocrx_word' id='word_1_199' title='bbox 1009 3369 1177 3456; x_wconf 65' lang='lat' dir='ltr'><strong>pretore,</strong></span> <span class='ocrx_word' id='word_1_200' title='bbox 1206 3358 1384 3457; x_wconf 85' lang='lat' dir='ltr'><strong>quiqui·</strong></span> <span class='ocrx_word' id='word_1_201' title='bbox 1456 3341 1457 3354; x_wconf 11' lang='grc' dir='ltr'>ἵ</span> 
     </span>
     <span class='ocr_line' id='line_1_29' title="bbox 288 3470 1457 3569; baseline 0.002 -23"><span class='ocrx_word' id='word_1_202' title='bbox 288 3470 375 3546; x_wconf 90' lang='lat' dir='ltr'><strong>dem</strong></span> <span class='ocrx_word' id='word_1_203' title='bbox 397 3494 525 3543; x_wconf 85' lang='lat' dir='ltr'><strong>revera</strong></span> <span class='ocrx_word' id='word_1_204' title='bbox 540 3495 608 3544; x_wconf 84' lang='lat' dir='ltr'><strong>sex</strong></span> <span class='ocrx_word' id='word_1_205' title='bbox 630 3470 703 3545; x_wconf 90' lang='lat' dir='ltr'><strong>illis</strong></span> <span class='ocrx_word' id='word_1_206' title='bbox 727 3471 888 3545; x_wconf 82' lang='lat' dir='ltr'><strong>sicarios-</strong></span> <span class='ocrx_word' id='word_1_207' title='bbox 902 3473 1243 3560; x_wconf 81' lang='lat' dir='ltr'><strong>subministraverit,</strong></span> <span class='ocrx_word' id='word_1_208' title='bbox 1262 3498 1286 3547; x_wconf 86' lang='lat' dir='ltr'>a</span> <span class='ocrx_word' id='word_1_209' title='bbox 1300 3472 1385 3569; x_wconf 89' lang='lat' dir='ltr'><strong>qui·</strong></span> <span class='ocrx_word' id='word_1_210' title='bbox 1456 3479 1457 3482; x_wconf 73' lang='grc'>’</span> 
     </span>
     <span class='ocr_line' id='line_1_30' title="bbox 285 3567 1457 3684; baseline 0.001 -22"><span class='ocrx_word' id='word_1_211' title='bbox 285 3584 357 3662; x_wconf 87' lang='lat' dir='ltr'><strong>bus</strong></span> <span class='ocrx_word' id='word_1_212' title='bbox 370 3582 590 3679; x_wconf 76' lang='lat' dir='ltr'><strong>Brachyllae</strong></span> <span class='ocrx_word' id='word_1_213' title='bbox 602 3585 815 3661; x_wconf 85' lang='lat' dir='ltr'><strong>interfectus</strong></span> <span class='ocrx_word' id='word_1_214' title='bbox 828 3597 895 3661; x_wconf 88' lang='lat' dir='ltr'><strong>est.</strong></span> <span class='ocrx_word' id='word_1_215' title='bbox 936 3585 1044 3675; x_wconf 82' lang='lat' dir='ltr'><strong>Haec,</strong></span> <span class='ocrx_word' id='word_1_216' title='bbox 1058 3588 1225 3684; x_wconf 84' lang='lat' dir='ltr'><strong>inquam,</strong></span> <span class='ocrx_word' id='word_1_217' title='bbox 1238 3587 1381 3680; x_wconf 83' lang='lat' dir='ltr'><strong>omnia,</strong></span> <span class='ocrx_word' id='word_1_218' title='bbox 1427 3567 1457 3648; x_wconf 64' lang='lat' dir='ltr'><strong>*i</strong></span> 
     </span>
     <span class='ocr_line' id='line_1_31' title="bbox 287 3698 1387 3800; baseline 0.004 -28"><span class='ocrx_word' id='word_1_219' title='bbox 287 3708 421 3796; x_wconf 78' lang='lat' dir='ltr'><strong>preter</strong></span> <span class='ocrx_word' id='word_1_220' title='bbox 448 3698 569 3797; x_wconf 84' lang='lat' dir='ltr'><strong>ipsam</strong></span> <span class='ocrx_word' id='word_1_221' title='bbox 599 3700 809 3796; x_wconf 69' lang='lat' dir='ltr'><strong>Brachyllae</strong></span> <span class='ocrx_word' id='word_1_222' title='bbox 841 3726 983 3790; x_wconf 88' lang='lat' dir='ltr'><strong>necem,</strong></span> <span class='ocrx_word' id='word_1_223' title='bbox 1018 3703 1213 3800; x_wconf 87' lang='lat' dir='ltr'><strong>supprimit</strong></span> <span class='ocrx_word' id='word_1_224' title='bbox 1240 3702 1387 3778; x_wconf 76' lang='lat' dir='ltr'><strong>lirim.</strong></span> 
     </span>
     <span class='ocr_line' id='line_1_32' title="bbox 288 3814 1457 3928; baseline 0.001 -39"><span class='ocrx_word' id='word_1_225' title='bbox 288 3814 375 3898; x_wconf 86' lang='lat' dir='ltr'><strong>Quo</strong></span> <span class='ocrx_word' id='word_1_226' title='bbox 392 3814 559 3900; x_wconf 90' lang='lat' dir='ltr'><strong>consilio,</strong></span> <span class='ocrx_word' id='word_1_227' title='bbox 576 3814 667 3887; x_wconf 89' lang='lat' dir='ltr'><strong>nihil</strong></span> <span class='ocrx_word' id='word_1_228' title='bbox 684 3840 776 3889; x_wconf 89' lang='lat' dir='ltr'><strong>sane</strong></span> <span class='ocrx_word' id='word_1_229' title='bbox 792 3817 1041 3914; x_wconf 84' lang='lat' dir='ltr'><strong>argumentari</strong></span> <span class='ocrx_word' id='word_1_230' title='bbox 1058 3841 1154 3915; x_wconf 85' lang='lat' dir='ltr'><strong>opus</strong></span> <span class='ocrx_word' id='word_1_231' title='bbox 1169 3827 1238 3892; x_wconf 86' lang='lat' dir='ltr'><strong>est</strong></span> <span class='ocrx_word' id='word_1_232' title='bbox 1290 3816 1457 3915; x_wconf 87' lang='lat' dir='ltr'><strong>Ipsa</strong></span> <span class='ocrx_word' id='word_1_233' title='bbox 1456 3857 1457 3928; x_wconf 68' lang='lat' dir='ltr'><strong>t</strong></span> 
     </span>
     <span class='ocr_line' id='line_1_33' title="bbox 286 3928 1457 4034; baseline 0 -30"><span class='ocrx_word' id='word_1_234' title='bbox 286 3954 345 4030; x_wconf 85' lang='lat' dir='ltr'><strong>res</strong></span> <span class='ocrx_word' id='word_1_235' title='bbox 374 3929 514 4005; x_wconf 85' lang='lat' dir='ltr'><strong>clamat</strong></span> <span class='ocrx_word' id='word_1_236' title='bbox 540 3951 626 4002; x_wconf 90' lang='lat' dir='ltr'><strong>eum</strong></span> <span class='ocrx_word' id='word_1_237' title='bbox 651 3928 817 4008; x_wconf 88' lang='lat' dir='ltr'><strong>noluisse</strong></span> <span class='ocrx_word' id='word_1_238' title='bbox 841 3931 1032 4034; x_wconf 70' lang='lat' dir='ltr'><strong>infamiam</strong></span> <span class='ocrx_word' id='word_1_239' title='bbox 1060 3932 1226 4020; x_wconf 85' lang='lat' dir='ltr'><strong>Quintio,</strong></span> <span class='ocrx_word' id='word_1_240' title='bbox 1253 3940 1292 4005; x_wconf 92' lang='lat' dir='ltr'><strong>et</strong></span> <span class='ocrx_word' id='word_1_241' title='bbox 1316 3956 1457 4029; x_wconf 87' lang='lat' dir='ltr'><strong>per</strong></span> 
     </span>
     <span class='ocr_line' id='line_1_34' title="bbox 287 4043 1390 4148; baseline 0.009 -33"><span class='ocrx_word' id='word_1_242' title='bbox 287 4065 372 4126; x_wconf 86' lang='lat' dir='ltr'><strong>eum</strong></span> <span class='ocrx_word' id='word_1_243' title='bbox 390 4043 566 4118; x_wconf 78' lang='lat' dir='ltr'><strong>Romano</strong></span> <span class='ocrx_word' id='word_1_244' title='bbox 582 4044 722 4118; x_wconf 88' lang='lat' dir='ltr'><strong>nomini</strong></span> <span class='ocrx_word' id='word_1_245' title='bbox 736 4071 946 4145; x_wconf 81' lang='lat' dir='ltr'><strong>aspergere,</strong></span> <span class='ocrx_word' id='word_1_246' title='bbox 964 4073 997 4125; x_wconf 90' lang='lat' dir='ltr'><strong>sr</strong></span> <span class='ocrx_word' id='word_1_247' title='bbox 986 4049 1234 4126; x_wconf 79' lang='lat' dir='ltr'><strong>Romanus</strong></span> <span class='ocrx_word' id='word_1_248' title='bbox 1224 4072 1390 4148; x_wconf 82' lang='lat' dir='ltr'><strong>nupera·</strong></span> 
     </span>
    </p>
   </div>
   <div class='ocr_carea' id='block_1_4' title="bbox 0 0 1501 4750">
    <p class='ocr_par' dir='ltr' id='par_1_5' title="bbox 0 0 1501 4750">
     <span class='ocr_line' id='line_1_35' title="bbox 0 0 1501 4750; baseline 0 0"><span class='ocrx_word' id='word_1_249' title='bbox 0 0 1501 4750; x_wconf 95' lang='lat' dir='ltr'><strong> </strong></span> 
     </span>
    </p>
   </div>
  </div>
 </body>
</html>
