2942 4750
252 177 300 237 eri
658 173 928 235 APPENDIX

253 340 608 421 aetdictunuporrdcre,
679 282 1398 435 ‘orlertr‘ortersingoliporuiols'brar,ff»0
1440 319 1447 334 ⁰

253 426 370 490 ciebant
388 425 555 502 deum,
569 423 610 485 ab
693 424 761 505 ipro
780 442 903 485 murem
922 421 1041 484 dictam
1085 419 1174 485 Hinc
1193 422 1354 485 evertitur
1435 445 1447 468 ·

255 511 365 594 opinio
381 507 519 584 Kusteri,
535 507 588 591 qni
602 528 698 593 grave
713 528 756 571 aes
770 504 811 569 de
824 526 1015 592 quocunque
1025 520 1089 568 aere
1102 505 1352 590 intelligendum

254 605 358 680 putat,
380 606 447 659 tam
467 592 657 657 sextantario
675 605 707 657 at
724 591 852 669 unciali,
872 613 969 677 quam
989 590 1116 655 librali:
1138 592 1229 676 quasi
1243 592 1277 655 in
1294 591 1354 654 illa
1444 582 1446 620 ²

255 680 465 767 appellatione
484 699 526 743 aes
546 691 723 741 sumeretur
738 698 797 760 pro
819 698 960 754 nummo,
983 677 1027 740 ita
1043 688 1079 740 ut
1089 699 1187 760 grove
1206 699 1250 741 (τε
1267 690 1354 741 esset
1389 675 1397 696 “

256 787 405 833 nummus
425 763 563 850 gravior,
577 775 729 863 argenteo
743 761 861 827 scilieet
881 782 1023 841 nummo,
1038 763 1093 845 qui
1107 763 1150 824 ob
1166 764 1267 846 majus
1282 785 1353 827 me·

255 851 324 919 talli
345 850 495 934 pretium,
518 849 649 915 minoris
672 848 846 913 necessario
867 848 1014 931 ponderis
1036 869 1104 910 esse
1122 846 1228 912 debet.
1275 850 1354 915 Hoc

257 946 482 1011 commentum,
500 935 588 997 omni
610 946 753 998 veterum
775 933 961 998 auctoritate
982 932 1177 1008 destitutum,
1193 935 1261 996 imo
1275 955 1352 998 cnm
1406 996 1416 1017 ⁸

257 1043 296 1085 ea
309 1033 417 1105 aperte
431 1041 586 1106 pugnans,
603 1018 716 1082 merito
730 1019 894 1101 explosum
910 1030 958 1082 cst
972 1041 992 1081 a
1008 1018 1184 1081 Perizonio.

100 1123 162 1171 mea
172 1118 251 1181 μὴ
302 1111 345 1171 2⁶.
369 1106 460 1170 Patet
473 1104 576 1190 gravis
590 1105 662 1167 seris
684 1103 929 1188 appellationem
944 1116 1012 1168 tum
1027 1116 1134 1167 natam
1153 1125 1228 1178 esse,
1251 1126 1352 1189 quum

100 1193 183 1233 ΨΜ
193 1196 237 1243 ⁸¹³·
261 1213 345 1258 asses
361 1190 520 1254 imminuti
535 1202 618 1266 sunt,
634 1201 670 1252 ut
683 1211 798 1273 nempe
810 1211 908 1276 grave
921 1212 965 1253 rea
979 1201 1193 1273 opponeretur
1212 1189 1289 1253 huic
1305 1213 1354 1255 re·

99 1249 247 1373 mim.
261 1276 345 1341 centi
366 1275 486 1339 leviori.
529 1277 636 1339 Antea
656 1275 740 1337 enim
762 1296 860 1361 quum
875 1276 970 1339 unius
984 1276 1109 1358 generis
1129 1297 1173 1338 res
1186 1287 1277 1352 esset,
1293 1275 1355 1338 mi·

101 1378 253 1424 minumus-
262 1364 347 1427 nime
358 1382 486 1425 necesse
500 1373 567 1424 erat
579 1359 659 1424 illud
674 1360 780 1446 aliquo
789 1359 875 1423 velut
888 1359 1076 1448 eognomine
1088 1360 1243 1446 insigniri.
1291 1360 1357 1425 lta·

101 1452 146 1485 Μ·
262 1446 373 1533 quein
388 1447 458 1536 lege
471 1446 527 1510 illa
539 1445 707 1510 duodecim
724 1444 914 1524 tabularum,
929 1468 1025 1532 quam
1045 1458 1201 1509 memorat
1216 1445 1354 1524 Gellius,

262 1533 287 1598 l.
310 1532 389 1597 XX.
411 1554 439 1596 c.
462 1543 492 1597 l.
512 1531 646 1618 legimus
659 1533 772 1616 uiginti
785 1534 916 1615 quinque
930 1533 1002 1594 ceris
1018 1552 1121 1613 poenae
1133 1541 1230 1594 muto.
1278 1531 1357 1596 Nou

265 1618 393 1684 additur
403 1620 520 1702 grauis,
533 1617 607 1703 quia
621 1629 697 1681 tuno
713 1616 902 1680 uniusmodi
917 1639 960 1679 oes
974 1630 1051 1693 erat,
1069 1638 1126 1679 nec
1140 1616 1277 1699 proinde
1292 1618 1358 1681 ulla

266 1715 391 1790 poterat
407 1725 472 1767 esse
493 1702 706 1789 ambiguitas,
727 1703 780 1767 ·At
801 1704 969 1849 scriptores
989 1701 1103 1766 laevato
1123 1703 1195 1765 aeris
1215 1702 1359 1785 pondere

267 1789 467 1866 recentiores,
490 1786 596 1875 q'uales
608 1790 684 1852 sunt
696 1788 719 1851 ii
734 1809 843 1851 omncs
869 1809 921 1849 ere
935 1808 1070 1873 quorum
1094 1801 1303 1852 monumenta
1317 1788 1358 1852 ad

266 1895 326 1938 nos
339 1887 560 1957 pervenerunt,
577 1872 631 1937 ubi
646 1872 840 1957 loquendum
857 1870 918 1934 illis
932 1872 994 1935 fuit
1007 1874 1046 1935 de
1060 1873 1179 1936 assibus
1193 1873 1360 1938 libralibus

226 1988 229 1993 ·
267 1959 445 2041 antiquiore
457 1976 528 2021 oevo
541 1959 672 2034 usitatis,
693 1957 936 2040 appellationem
951 1960 1140 2041 aerirgraoia
1154 1972 1359 2041 usurparunt,

266 2063 324 2125 per
333 2041 602 2124 comparationem
612 2041 653 2106 ad
668 2062 712 2107 tea
727 2042 827 2106 levius
835 2040 923 2127 quod
938 2064 996 2106 suo
1006 2054 1147 2126 tempore
1161 2045 1194 2107 in
1208 2045 1359 2110 menibus

251 2127 431 2195 «hominum
447 2128 563 2191 versari
577 2127 737 2192 videbant.

106 2233 177 2280 'runc
188 2244 247 2292 quo-
313 2221 357 2279 30.
379 2213 513 2279 Constat
529 2213 624 2277 etiam
641 2226 713 2297 post
726 2213 910 2281 imminutos
929 2236 1023 2293 asses,
1039 2235 1177 2279 summas
1198 2216 1360 2281 nihilomi-

106 2309 330 2407 Summam
344 2299 377 2362 in
393 2320 457 2363 aare
470 2299 559 2387 gravi
574 2301 729 2363 interdum
745 2314 913 2386 conceptas
924 2300 1031 2366 fuisse.
1074 2301 1274 2366 Testimonio
1289 2315 1361 2367 runt

106 2373 238 2472 md?
272 2393 314 2453 1⁰.
356 2386 476 2465 unu,
503 2385 620 2449 xxn.
642 2396 696 2451 aa.
719 2398 751 2449 et
773 2386 930 2452 xxxu
949 2396 1003 2453 ta.
1025 2395 1096 2451 rum·
1116 2389 1205 2452 locus
1231 2412 1251 2452 e
1272 2389 1361 2454 libris

108 2496 240 2549 compta
269 2470 373 2535 linteis
396 2470 582 2555 pontificum
606 2493 624 2533 a
648 2471 802 2536 Salmasio
824 2471 946 2552 allatus,
970 2475 1009 2537 de
1026 2476 1112 2538 niodo
1133 2495 1306 2552 naumann,
1328 2498 1361 2560 p.

270 2564 343 2634 287.
368 2558 424 2619 ubi
446 2555 595 2622 dicuntur
616 2557 789 2621 AEtolorunr
812 2560 923 2642 legatis
945 2560 1045 2622 lautia
1065 2561 1151 2635 data,
1172 2569 1203 2622 et
1222 2563 1361 2638 dueum,

270 2643 334 2708 sive
348 2642 454 2725 potius
473 2641 550 2708 bina
570 2644 670 2705 millia
687 2645 885 2727 eris'gronir
900 2646 934 2705 in
947 2645 1091 2727 singalas.
1136 2644 1220 2710 Cum
1245 2644 1363 2710 AEtolis

270 2728 355 2794 enim
371 2726 454 2790 bello
467 2726 597 2790 demum
620 2726 743 2791 Punloo
763 2729 903 2794 secundo
921 2750 987 2792 rem
1004 2728 1119 2794 habere
1142 2729 1281 2793 Romani
1296 2753 1363 2795 coe·

269 2823 396 2896 perurit.
440 2809 590 2896 Denique
602 2810 687 2876 idem
707 2812 884 2876 adstruitur
897 2835 938 2876 ex
952 2815 1081 2892 Seneca,
1098 2815 1153 2898 qui
1166 2814 1187 2879 l.
1204 2815 1230 2879 1.
1246 2814 1363 2880 Natur.

271 2893 394 2969 Quaest.
411 2917 438 2960 c.
453 2895 512 2958 ult.
533 2908 566 2959 et
589 2895 718 2979 Consol.
732 2897 774 2960 ad
798 2897 959 2975 Helviam,
974 2921 1003 2963 c.
1021 2910 1073 2966 12.
1088 2900 1184 2964 tradit
1205 2901 1363 2986 Scipionis

271 2978 352 3043 filias
367 2980 399 3042 in
413 2979 522 3046 dotem
537 3002 557 3043 a
571 2991 680 3046 senatu
694 2981 852 3066 accepisse
865 3003 907 3048 aes
917 3006 1023 3068 grone.
1067 2986 1166 3050 Hunc
1183 2987 1365 3070 Scipionem

272 3087 313 3130 ex
335 3064 408 3131 Val.
432 3063 524 3132 Max.
538 3066 561 3130 l.
579 3065 639 3132 IV.
653 3089 683 3132 c.
698 3077 729 3131 4.
744 3083 877 3153 apparet
896 3069 993 3134 fuisse
1009 3070 1070 3135 Cn.
1095 3071 1288 3155 Scipionem,
1310 3074 1364 3159 qui

273 3151 306 3216 in
323 3151 485 3235 Hispania
499 3151 604 3236 periit,
619 3166 769 3236 patruum
785 3153 927 3219 'Africani
941 3155 1070 3239 prioris.

114 3255 257 3364 rugan&
318 3245 361 3336 df.
384 3236 520 3303 Necesse
538 3250 587 3302 est
605 3251 641 3304 ut
666 3249 745 3302 tunc
766 3240 894 3324 aliquod
918 3239 1087 3341 discrimen
1106 3242 1201 3341 fuerit
1219 3245 1314 3344 pretii
1334 3259 1364 3309 et

130 3334 146 3365 u
257 3340 270 3355 ·
1350 3365 1364 3381 ,

112 3333 253 3492 irenei
274 3326 1366 3498 ttttlttt‘tttttttttttllttmfl'fflttttt

113 3512 452 3639 utrumn?
470 3491 1078 3663 untutstutnututl
1092 3498 1232 3666 ,tlt
1250 3500 1366 3650 iffi
1444 3497 1447 3520 ’

275 3681 384 3739 oereas,
400 3683 535 3747 quarum
552 3663 688 3747 pretium
709 3666 888 3752 exigeretur
902 3667 942 3731 sd
958 3668 1114 3732 rationem
1133 3671 1258 3734 nummi
1274 3670 1365 3740 oerei:

274 3745 321 3824 its
336 3758 382 3827 ut,
396 3748 448 3813 cui
461 3748 656 3814 donarentur
677 3748 788 3814 decem
809 3751 908 3816 millia
927 3754 999 3816 reris
1019 3756 1124 3854 gravis
1137 3768 1211 3839 post
1231 3758 1365 3820 levatum

274 3832 401 3918 pondus
413 3835 647 3911 nomismatum,
664 3834 690 3897 is
703 3836 861 3920 acciperet
874 3837 983 3901 decern
995 3839 1094 3902 millia
1107 3841 1223 3904 assium
1238 3841 1272 3905 in
1286 3864 1366 3905 mas

136 3943 139 3954 ·
247 3979 251 3986 ,
277 3920 319 3982 sis
331 3918 498 4003 ejusmodi.
533 3920 568 3985 Si
583 3921 613 3983 id
629 3918 858 4001 admitteretur,
872 3923 989 4006 periret
996 3925 1062 4008 jam
1077 3924 1246 3990 discrimen
1260 3927 1366 4010 pretii:

162 4015 165 4020 ’
274 4016 310 4081 et
322 4003 433 4069 decem
448 4004 546 4069 millia
559 4005 663 4091 gravis
677 4006 749 4069 aeris
763 4019 867 4072 essent
880 4009 947 4093 ipsa
961 4010 1069 4077 decem
1083 4012 1201 4076 assium
1216 4012 1368 4076 leviorum

273 4088 387 4160 millia.
1103 4118 1106 4124 ·

322 4172 388 4236 Pro
404 4187 491 4238 certo
504 4175 611 4259 itaque
624 4196 744 4258 ponere
758 4198 849 4260 posse
863 4178 1008 4244 videmur
1024 4182 1130 4268 gravis
1144 4184 1217 4247 aeris
1231 4183 1369 4268 appella·

279 4251 374 4331 tione,
391 4269 455 4321 tum
465 4272 554 4337 ante,
570 4281 665 4350 quam
680 4275 753 4344 post
767 4262 951 4330 imminutos
971 4285 1065 4345 asses,
1081 4267 1178 4333 libras
1194 4270 1267 4335 reris
1280 4270 1372 4335 intel·
