2942 4750
493 149 840 232 PRAEFATIO.
1152 156 1217 231 xiii

13 362 20 393 ’
117 359 288 439 tribmus
307 362 431 460 plebis
447 365 570 440 sedan
584 368 627 444 te
644 376 820 439 eternum
844 364 1028 436 eonditum
1043 377 1080 437 et
1094 354 1134 437 in
1150 368 1218 439 im-

118 500 277 551 mensum
296 493 510 554 mercensem
530 483 662 576 jentat„
715 474 793 552 Ubi
819 478 903 575 quis
923 496 1002 550 non
1026 468 1130 551 videt
1150 481 1218 554 so

119 599 306 667 versatum
323 616 408 668 esse
424 596 622 671 scribentis
645 595 770 669 animo
792 594 991 689 superbum
1017 592 1122 665 illum
1141 593 1219 666 llo-²

56 712 61 719 '
119 728 191 780 moe
217 728 339 781 rerum
363 710 526 803 dorninae
552 711 802 808 splendorem,
824 718 863 780 et
888 709 938 779 ad
964 708 1125 781 obscure
1142 708 1221 782 Ro·

119 844 190 895 mae
206 818 397 898 noscentis
413 822 519 897 initia
535 824 717 897 audacius
733 842 848 920 quem
864 814 1085 895 vertas'esse
1101 831 1220 897 nens*

119 935 264 1011 lamml

39 1014 62 1075 ἱ
173 1053 250 1126 Sed
267 1061 306 1125 et
321 1052 491 1125 hostibus
507 1075 658 1150 quoque
678 1051 807 1150 populi
825 1042 989 1125 Romani
1010 1051 1138 1125 Livius
1152 1075 1221 1126 eos

120 1167 368 1244 venerationis
395 1168 433 1240 in
449 1188 534 1241 eum
561 1167 891 1264 admirationisque
917 1190 1049 1241 sensus
1067 1162 1220 1263 affingit,-

122 1281 257 1378 quibus
273 1281 353 1378 ipse
366 1283 530 1356 imbutus
546 1290 636 1355 erat.
676 1281 843 1355 Annibal
860 1277 922 1354 ille
937 1283 1101 1356 Ruinam
1118 1274 1220 1379 apud

121 1406 291 1469 nostrum
312 1407 423 1469 voeat
442 1398 554 1470 Orbis
567 1406 747 1469 imarum
768 1408 889 1491 eaput,
910 1418 1027 1492 quum
1050 1392 1218 1471 nondum
1230 1420 1373 1467 nme.

122 1518 204 1582 tota
231 1507 343 1582 ltalia
370 1510 481 1606 plane
504 1511 638 1605 jugum
668 1509 885 1605 accepisset,
915 1530 985 1582 nec
1013 1492 1270 1609 quidquam⁸⁰'

122 1634 232 1697 extra
250 1647 336 1696 eam
366 1622 531 1697 Romani
557 1632 734 1710 tenerent,
758 1632 891 1721 praeter
916 1624 1052 1698 Siciliae
1077 1637 1223 1722 partem

123 1742 163 1810 et
189 1737 425 1828 Sardiniam3
461 1762 577 1836 quum
604 1748 718 1812 staret
744 1738 946 1836 Carthago,
961 1747 1086 1835 atque
1110 1740 1224 1812 etism
1314 1726 1332 1775 7
1458 1744 1459 1747 ’

125 1850 320 1949 Hispanis
353 1856 532 1948 nrajorem
565 1864 708 1951 partem
740 1854 895 1952 imperio
928 1854 1221 1950 amplecteretur.

126 1966 272 2041 Rursus
288 1969 401 2054 idem,
417 1970 509 2042 dum
534 1969 668 2043 milites
689 1970 739 2043 ad
756 1971 851 2043 bene
876 1967 1122 2067 pugnandum
1139 1971 1352 2049 hor-xxiia.

124 2091 234 2168 tatur,
246 2086 399 2181 derepto,
410 2084 542 2180 inquit,
556 2086 623 2158 loc
634 2087 863 2184 enofadgore
874 2088 1033 2159 mininis
1046 2078 1222 2159 Remeat

125 2195 245 2279 Quasi
271 2222 358 2270 vero
376 2197 639 2293 Carthaginem
666 2199 802 2270 debere
818 2198 953 2270 Romae
978 2200 1099 2270 fasces
1125 2220 1224 2271 sum·

125 2311 271 2386 niittere
296 2312 395 2385 ultro
412 2311 626 2407 agnovisset
651 2310 851 2385 acernmus
866 2310 930 2382 ille
947 2309 1102 2384 Punicae
1121 2318 1224 2407 mag-

125 2427 307 2500 nitudinis
330 2427 480 2512 vindex,
498 2436 537 2498 et
558 2425 744 2499 Romanae
765 2448 861 2520 pene
877 2448 1036 2509 eversor,
1055 2434 1225 2499 suttune

126 2541 305 2638 temporis
318 2542 441 2615 minus
459 2540 607 2615 Punico
620 2539 938 2640 nominifalgorts
951 2562 1066 2636 quem
1085 2539 1225 2614 Roma-

127 2681 178 2730 no
195 2657 431 2730 circumdari.

178 2773 287 2846 Idem
303 2772 465 2869 impetus
477 2771 579 2846 nimii
597 2770 733 2844 amoris
745 2770 786 2843 in
801 2771 959 2868 patriam
977 2770 1124 2846 Livium
1142 2771 1389 2847 abs-nnuma

128 2887 223 2974 tulit,
250 2911 368 2984 quum
394 2911 472 2960 non
498 2884 682 2960 dubitavit
702 2886 885 2959 affirmare
910 2885 1107 2960 Romanos
1134 2863 1358 2972 nun-2022?

128 3029 236 3100 quom
245 3002 291 3074 ab
300 3003 534 3098 epeitekoste,
544 3026 726 3097 nunquam
734 3027 759 3073 o
761 3003 897 3099 pedite,
908 3027 1089 3096 nusquam
1098 3017 1226 3099 operto.
1235 2992 1280 3039 ¹³¹·
1294 2998 1331 3040 ¹⁹·

129 3120 208 3192 acie
218 3117 407 3190 laborasse.
426 3115 489 3189 De
498 3114 668 3213 peditatu
678 3114 842 3187 silemus.
860 3114 1228 3211 Atnonneobepaite

129 3233 231 3307 hoste
246 3232 506 3306 laboraverunt
526 3228 704 3332 Romani,
721 3250 838 3324 quum
863 3228 1042 3300 adversus
1058 3227 1227 3300 Anniba-

130 3347 205 3421 lem
220 3348 360 3421 bellum
377 3356 554 3443 gererent,
569 3368 682 3444 quem
695 3343 862 3440 equitatu
880 3344 990 3438 longe
1003 3343 1227 3440 superiorem
1336 3336 1353 3346 ”

132 3464 245 3536 tuisse
261 3474 299 3535 et
314 3462 393 3560 ipse
411 3462 539 3536 Livius
564 3460 704 3559 passim
729 3460 874 3545 fatetur,
891 3470 929 3531 et
949 3457 1224 3557 prudentissimi
1236 3488 1306 3535 xx1.
1318 3495 1357 3538 n.

35 3591 46 3612 ⁰
134 3578 394 3654 Romanorum
420 3578 536 3651 duces
561 3600 720 3661 sensere,
739 3584 851 3672 atque
872 3573 922 3647 ob
938 3571 978 3647 id
1003 3568 1228 3673 magnopere
1237 3552 1329 3665 ff·
1340 3559 1380 3598 ³⁸·

133 3714 266 3768 cavere
290 3717 338 3764 ne
363 3692 403 3765 in
426 3692 568 3789 eampis
592 3689 805 3788 patentibus
832 3689 880 3763 ab
904 3714 950 3763 eo
977 3691 1229 3787 deprehende

131 3809 281 3883 rentur?
316 3806 454 3880 Nonne
480 3819 608 3905 operta
633 3808 710 3880 acie
735 3805 1007 3890 laboravemnt‚
1035 3827 1152 3899 quum
1179 3803 1229 3874 ad

135 3925 289 3999 Cannas
306 3922 504 3995 abeodem
525 3921 713 3994 Annibale
738 3943 854 4019 prope
871 3920 921 3992 ad
941 3916 1231 3991 internecionem

133 4040 233 4127 eaesi,
251 4060 368 4137 quum
386 4038 437 4110 ad
454 4035 595 4110 Alliam
614 4036 661 4108 ab
678 4036 800 4110 Gallis
816 4033 887 4107 fusi
905 4034 1017 4107 suntl

186 4157 263 4231 Sed
289 4156 370 4230 haee
387 4154 540 4253 quidem
551 4162 758 4250 utcumque
775 4148 981 4225 condonari
1006 4155 1176 4243 possunt,
1193 4146 1233 4220 in
1312 4179 1315 4185 ·
