2942 4750
280 213 359 264 m
652 184 995 267 Pumsfflo.

282 399 330 472 de
345 395 535 471 Annibale
551 394 733 483 victoiias,
756 396 926 491 ejusdem
943 393 1129 492 Scipionis
1144 402 1184 468 et
1199 390 1374 471 Anniba·
1435 370 1448 465 ἰ

280 513 328 588 lis
344 512 505 587 alternas
528 511 722 597 orationes,
745 535 911 609 pugnam
927 510 979 584 ad
996 508 1320 607 Cynoscephalas,
1336 520 1377 585 et
1447 586 1448 595 χ

281 627 562 703 innumerabilia
585 626 669 714 alia,
695 651 779 723 quae
808 625 994 723 sigillatim
1021 623 1193 723 persequi
1216 623 1379 720 longum
1411 712 1415 723 .
1443 661 1446 665 v

281 752 390 829 esset,
415 752 453 816 et
476 752 655 838 praeterea
678 764 960 839 supervacuum,
977 762 1094 837 quum
1113 740 1377 839 uuusquisque

280 857 383 930 nullo
407 856 558 953 negotio
574 857 694 954 possit
708 881 758 930 ex
773 856 963 955 uniusque
986 854 1133 953 scriptis
1151 877 1230 928 rem
1246 878 1316 951 pm
1331 879 1377 931 se

279 969 359 1099 ipse
383 967 575 1069 inspicere.
628 971 712 1045 Nec
730 970 885 1045 dubium
901 980 970 1058 est,
987 969 1078 1068 quin
1093 968 1254 1068 plurimu
1268 995 1295 1043 a
1311 969 1448 1049 Lu

280 1085 340 1159 vio
361 1085 529 1160 indidem
552 1086 751 1183 desumpta
769 1110 840 1161 nos
862 1086 949 1160 ideo
965 1085 1107 1171 fallant,
1128 1085 1234 1182 quod
1256 1083 1377 1180 Poly·
1447 1060 1448 1181 l

280 1199 380 1273 biani
406 1200 527 1298 operis
554 1201 665 1296 longe
690 1199 844 1273 minima
867 1223 954 1297 pars
977 1200 1028 1275 ud
1054 1223 1125 1273 nos
1153 1221 1316 1328 perrone
1447 1258 1448 1319 1

280 1314 393 1391 Adeo
415 1326 457 1388 ut
473 1340 557 1389 vere
582 1314 657 1388 dici
676 1314 795 1412 possit
815 1313 942 1389 Livius
962 1339 1045 1389 eam
1068 1314 1189 1413 operis
1209 1313 1268 1387 sui
1287 1337 1376 1411 par-

279 1438 356 1504 tem
380 1455 465 1527 quae
489 1430 529 1504 in
549 1430 685 1505 eodem
701 1454 788 1504 cum
805 1428 954 1525 Polybii
975 1428 1129 1504 histoiia
1151 1439 1374 1525 argumento

281 1546 506 1631 venabatur,
528 1555 647 1619 totam
668 1568 763 1640 pene
779 1570 827 1617 ex
844 1543 926 1619 solo
942 1544 1007 1617 illo
1023 1554 1175 1621 auctore
1191 1552 1376 1617 contexu-

281 1660 366 1735 isse.
417 1658 512 1754 Ejus
533 1670 660 1733 tumen
680 1682 765 1731 raro
791 1659 998 1731 admodum
1023 1657 1250 1732 mentionem
1269 1658 1374 1741 facit,

281 1800 352 1849 nec
380 1800 537 1871 usquam
566 1776 651 1861 iere,
681 1772 753 1846 nisi
778 1773 817 1847 iu
843 1773 991 1847 minutis
1016 1775 1137 1858 rebus,
1160 1770 1286 1845 stubi
1311 1796 1376 1845 ιιι-

279 1889 377 1961 n'ant
393 1899 585 1963 auctorum
602 1887 803 1961 sententiae.
857 1869 1057 1984 Nusquam
1072 1888 1266 1985 prolitettu
1281 1885 1375 1961 sesi

278 2001 462 2097 permulta
484 1981 630 2086 debere,
651 2025 692 2073 se
717 2000 830 2074 libros
853 2002 933 2096 ejus
956 2002 1119 2098 integros
1136 2010 1289 2086 vertere,
1310 1999 1372 2073 iis·

277 2139 351 2219 que
366 2138 435 2211 pro
451 2114 527 2188 suis
544 2114 608 2189 uti.
1447 2116 1448 2121 ’

281 2231 493 2304 Addunt
516 2230 683 2326 quidum,
701 2241 744 2305 ut
760 2232 854 2306 Livii
870 2257 1022 2307 causam
1040 2242 1205 2317 onerent,
1222 2230 1264 2305 id
1289 2254 1370 2305 om·

278 2345 383 2421 nium
399 2345 549 2422 minime
572 2347 767 2422 ferendum
783 2372 877 2448 esse,
894 2348 998 2445 quod
1022 2347 1087 2422 ubi
1112 2345 1296 2442 Polybius
1322 2347 1371 2421 ab

277 2486 325 2536 eo
347 2462 716 2536 honorificentissime
736 2443 954 2560 appellatur,
971 2473 1124 2537 vocetur
1145 2473 1371 2536 tantummo-

118 2611 252 2726 mpla
281 2576 332 2651 do
349 2578 624 2675 haudquaquam
646 2577 874 2675 spmmtdus
882 2590 1025 2667 auctum
1051 2588 1090 2650 et
1111 2577 1210 2685 alibi,
1227 2604 1301 2676 nou
1316 2580 1372 2650 ιιι-

118 2678 205 2787 {¹¹¹0
206 2678 397 2766 II‘cutus
412 2704 549 2777 auctor,
566 2719 673 2788 quum
695 2694 854 2766 omnium
871 2692 1124 2766 Romanorum
1148 2716 1278 2777 ιιιιιιιι,
1297 2702 1375 2765 tm

273 2809 459 2934 praeoipuae
473 2809 515 2878 ιἰι
533 2806 681 2880 Graecia
692 2818 890 2906 gestarum.
943 2806 1020 2879 Sed
1037 2804 1175 2902 optime
1192 2830 1216 2877 a
1230 2805 1373 2878 doctis

118 2953 252 3000 emim.
280 2918 382 2993 simis
394 2919 480 2992 viris
496 2920 699 3016 repositum
715 2930 774 2992 est
788 2920 856 2992 hus
873 2920 1080 2993 locutiones
1096 2921 1402 3032 Ιιιιιιιιιιιιιιιιιιιιιι3.μ
1447 2939 1448 2980 ι

117 3018 231 3080 “¹⁹¹“
279 3036 494 3134 perusus
516 3047 655 3120 auctor,
680 3059 754 3108 uon
777 3036 934 3107 incertus
952 3046 1090 3119 auctor,
1110 2997 1402 3129 intelligendas*

118 3089 228 3259 Ξοῌζὰ
280 3173 363 3224 esse
380 3187 457 3226 κατα
436 3160 612 3239 turim,
629 3149 669 3222 id
687 3160 756 3235 est,
769 3148 823 3221 ita
837 3148 976 3245 utplus
992 3148 1110 3222 multo
1123 3148 1273 3222 valeant
1288 3171 1373 3220 sen·

119 3274 153 3319 Η
154 3279 185 3322 ¹2
196 3276 249 3322 ht
280 3289 338 3351 su,
354 3289 468 3359 quam
483 3274 664 3361 quantum
681 3263 763 3360 ipsa
778 3288 844 3360 per
861 3288 902 3336 se
917 3264 1030 3336 verba
1045 3276 1201 3351 sonant3
1228 3274 1271 3336 ut
1286 3285 1371 3359 pro-

278 3374 367 3447 inde
391 3403 463 3449 nou
487 3380 702 3472 spasandus
722 3388 850 3448 auctor
873 3376 974 3449 idem
1000 3377 1049 3450 sit
1073 3403 1118 3451 ae
1130 3381 1374 3477 guavissimus

276 3498 415 3572 unctor,
432 3514 504 3561 nou
519 3492 677 3562 incertus
691 3488 794 3561 idem
811 3513 856 3563 ac
872 3494 1101 3566 certissimus.
1153 3492 1204 3566 ld
1218 3492 1373 3591 quidem

276 3600 572 3698 frequentissimo
598 3603 823 3699 optimorum
850 3605 1072 3703 scriptorum
1099 3634 1172 3683 usu
1200 3633 1372 3707 complu*

277 3717 406 3791 batum
436 3726 513 3789 est:
556 3727 595 3790 et
626 3720 801 3814 perfacile
834 3721 1082 3796 consimilium
1113 3724 1372 3822 exemplorum

208 3875 211 3879 »
277 3832 408 3928 ingens
435 3830 634 3914 multitudo
660 3833 711 3905 ad
738 3834 893 3930 legentis
918 3837 1109 3910 fastidium
1133 3838 1194 3912 hic
1214 3841 1374 3936 ¹congeri

276 3956 415 4042 posset
467 3943 582 4021 Hanc
606 3970 695 4043 ergo
722 3949 975 4025 defensionem
1000 3952 1156 4027 libenter
1180 3955 1374 4051 amplecti·

276 4083 369 4146 mur,
396 4071 435 4134 et
456 4061 627 4160 cupimus
649 4062 783 4158 ingrati
807 4065 919 4139 animi
943 4067 1192 4164 suspicionem
1215 4094 1238 4143 a
1263 4068 1373 4146 Livio
1436 4123 1441 4132 -

275 4182 403 4258 nostro
421 4176 579 4255 amoliri..
706 4271 737 4280 Δ,
