2942 4750
291 165 347 225 rte
669 158 776 218 ΤΙΤΙ
807 155 942 217 L1v11

126 335 261 384 natet
286 322 412 386 diorum
441 321 616 387 obcurrunt
640 322 721 406 (jam
752 320 837 383 enim
865 340 905 383 eo
926 340 1053 404 quoqne
1088 319 1228 385 victoriae
1263 320 1350 387 fama
1430 307 1437 317 ’

127 403 158 446 Δ*
169 400 195 447 ⁰·
209 399 262 447 ¹⁶⁸
286 408 407 494 perlata
421 409 501 485 erat)
517 420 652 482 orantes,
664 417 699 469 ut
709 407 851 469 Rhodum
866 407 1087 469 metamur.
1097 410 1254 488 pertinere
1264 410 1355 472 idad

273 497 403 580 fanmm
423 496 606 576 salutemque
631 493 774 568 civitatis,
798 513 914 554 noscere
934 491 1015 573 ipsos
1044 495 1155 569 omnia,
1179 514 1247 576 qua
1276 504 1350 558 ueta

285 578 390 653 issent,
407 588 626 660 egerenturque
648 579 763 653 Rhodi,
779 588 808 639 et
825 588 985 659 comperta
1008 598 1063 658 per
1084 599 1127 656 se,
1142 599 1202 641 non
1225 579 1351 663 migale

277 667 381 744 fumo,
397 666 524 726 Romam
539 661 663 742 referre.
699 663 765 726 Diu
783 677 933 749 negantes
946 665 1164 747 perpulerunt,
1178 676 1213 726 ut
1226 685 1350 727 moram

286 751 494 832 navigationis
523 748 650 811 brevem
687 771 746 829 pro
775 749 874 811 salute
904 748 997 811 sociae
1030 748 1117 811 urbis
1152 761 1348 833 paterentur.

287 836 459 919 Postquam
488 834 635 898 Rhodum
660 850 787 897 ventum
811 849 867 909 est,
885 835 917 895 in
938 834 1123 897 concionem
1145 856 1272 920 quoque
1292 857 1349 898 eos

285 918 380 982 iidem
410 920 553 1001 pret-ihus
582 933 813 1003 pertraxerunt.
858 920 1023 982 Adventus
1052 918 1225 1004 legatorum
1255 922 1351 984 auxit

125 1022 268 1082 Populum
285 1005 391 1087 potius
413 1005 557 1067 timorem
580 1007 708 1083 civitati,
726 1027 822 1090 quam
847 1005 978 1068 minuit:
1002 1007 1109 1066 omrria
1130 1005 1215 1067 enim
1238 1005 1349 1087 Popil-

124 1088 219 1146 ΝΜ
286 1089 357 1166 lius,
388 1113 460 1173 quse
486 1092 601 1177 singuli
625 1092 825 1176 universique
846 1112 884 1152 eo
902 1088 990 1153 bello
1012 1089 1167 1153 hostiliter
1188 1090 1349 1172 dixerant,

286 1177 495 1260 fecerantque,
513 1176 629 1241 retulit.
660 1190 700 1250 et,
717 1177 766 1238 vir
785 1197 876 1261 asper
891 1175 1028 1261 ingenio,
1046 1174 1183 1259 augebat
1201 1177 1349 1240 atrocita-

285 1277 348 1324 tem
364 1283 483 1336 eorum,
501 1284 572 1346 quae
587 1261 780 1339 dicerentur,
796 1261 883 1323 vultu
898 1262 977 1324 truci
996 1274 1028 1323 et
1042 1262 1236 1325 accusatoria
1249 1282 1344 1325 voce:

285 1361 330 1422 ut,
348 1369 444 1431 quum
460 1349 600 1431 propr-ire
614 1348 781 1411 simultatis
798 1346 885 1410 nulla
898 1367 1006 1409 caussa
1021 1367 1093 1409 cum
1114 1347 1239 1411 civitate
1253 1359 1347 1425 esset,

285 1454 325 1494 cx
342 1433 434 1494 ultius
455 1435 607 1496 serraturis
633 1433 769 1496 Romani
792 1431 970 1505 acerbitate,
1012 1431 1089 1494 ualis
1103 1432 1136 1494 in
1154 1454 1187 1494 se
1209 1433 1350 1496 universi

124 1542 228 1588 naemu
285 1534 411 1581 senatus
425 1518 549 1580 animus
571 1531 659 1593 esset,
675 1521 896 1603 conjectarent
942 1454 1136 1580 chedma
1155 1516 1349 1581 moderatior

123 1606 263 1652 mouenda
284 1605 387 1666 oratio
411 1602 480 1678 fuit,
512 1603 576 1687 qui,
601 1606 635 1666 irs
659 1606 814 1687 plerisque
842 1625 953 1681 eoram,
976 1623 1048 1685 qua·
1073 1613 1300 1666 commemoratu
1324 1627 1347 1666 α

287 1690 424 1772 Popillio
443 1699 549 1758 essent,
565 1689 682 1767 culpam
705 1711 765 1750 aon
779 1710 873 1771 penes
887 1688 1042 1770 populum,
1059 1691 1112 1750 sed
1130 1710 1218 1768 penes
1237 1710 1351 1768 paucos

284 1776 447 1837 mutuarer
469 1776 552 1857 υιιΙςί
576 1783 646 1849 erte,
672 1773 763 1836 dixit.
795 1795 850 1848 eos,
878 1773 1168 1862 vemlemllinguem
1195 1773 1347 1853 hahentes,

284 1861 403 1922 decreta
425 1862 516 1940 pleno
538 1862 636 1942 regia
659 1861 882 1922 adsentationis
894 1856 1025 1938 serim.-
1049 1868 1079 1920 et
1107 1879 1160 1921 eus
1181 1860 1349 1942 legationes

283 1944 405 2017 misnae,
430 1967 556 2026 quanam
578 1944 717 2008 Rhodios
738 1965 856 2025 semper
884 1965 945 2005 non
971 1946 1070 2006 mima
1098 1946 1232 2023 puderet,
1255 1947 1346 2027 quum

278 2029 449 2109 peniteret.
497 2029 575 2104 Quae
596 2032 708 2104 omniu,
733 2029 791 2091 ”si
814 2039 916 2092 tamen
930 2029 1047 2112 populo
1061 2029 1163 2112 flaret,
1186 2031 1220 2092 ia
1239 2032 1348 2111 capita

283 2116 443 2175 noxiorum
464 2135 599 2177 uersare.
646 2114 730 2177 Cum
753 2136 871 2200 magno
891 2111 1024 2177 adsensu
1047 2113 1175 2178 auditus
1200 2128 1255 2190 cst,
1280 2136 1346 2179 non

282 2199 383 2284 magis
409 2221 459 2279 eo,
481 2200 568 2285 quod
591 2199 801 2263 multitudinis
827 2220 941 2261 noxam
967 2198 1119 2275 elevabat,
1140 2222 1235 2285 quam
1258 2201 1346 2284 quod
1450 2274 1463 2294 .

282 2283 406 2367 culpam
424 2286 456 2347 in
471 2302 616 2349 auctores
633 2298 778 2349 verterat.
825 2285 935 2371 ltaque
948 2306 1047 2369 quurn
1063 2286 1221 2368 principes
1235 2308 1347 2350 eorum

283 2369 433 2435 Romanis
449 2371 684 2457 responderent,
701 2388 898 2458 nequaquem
921 2385 1025 2435 tamen
1049 2386 1113 2434 tam
1131 2385 1222 2455 grata
1242 2375 1347 2437 oratio

283 2478 393 2520 eorum
411 2459 478 2534 fuit,
496 2460 561 2543 qui,
576 2481 649 2539 quae
672 2458 828 2541 Popillius
844 2457 1011 2532 ob'ecerat,
1026 2456 1157 2534 diluere,
1173 2470 1346 2543 utcumque
1414 2516 1417 2521 .
1461 2514 1462 2521 ,

282 2544 385 2605 conati
409 2560 498 2616 sunt3
526 2567 621 2628 quam
645 2566 766 2620 eorum,
793 2543 847 2628 qui
876 2481 1023 2607 becimio
1043 2544 1075 2605 in
1102 2542 1282 2606 auctoribus
1303 2543 1347 2607 ad
1461 2542 1462 2555 ¹

120 2640 237 2688 namneti
282 2628 440 2708 piaculum
462 2648 554 2689 noxae
577 2628 761 2711 objiciendis
785 2628 906 2690 adsensi
929 2640 1010 2691 sunt.
1054 2630 1225 2692 Decretum
1250 2629 1346 2715 igitur
1379 2685 1405 2711 „

119 2707 163 2765 ¹1⁰1
174 2704 261 2751 Perseo
283 2711 454 2790 extemplo,
489 2723 531 2780 ut,
558 2712 613 2794 qui
639 2732 699 2792 pro
730 2712 846 2774 Perseo
871 2714 1019 2777 adversus
1049 2715 1209 2777 Romanos
1229 2713 1345 2779 dixisse

119 2769 235 2816 ‘mm‘
283 2794 368 2941 Quid,
393 2811 449 2856 nur
471 2793 589 2871 secisse,
613 2796 886 2875 convincerentur,
912 2800 1022 2884 cupitis
1045 2800 1345 2863 condemnarentur.

315 2892 496 2941 xcesserunt
517 2880 596 2944 urbe
618 2879 708 2943 ⁴⁰sub
731 2882 867 2945 adventu
893 2885 1112 2948 Romanorum
1135 2885 1274 2970 quidam,
1291 2887 1346 2950 alii

281 2977 417 3028 mortem
445 2964 503 3026 sibi
526 2968 757 3030 consciverunt.
802 2969 846 3031 Le
870 2969 911 3032 uti
934 2991 1000 3034 non
1027 2970 1224 3055 ultraquam
1251 2970 1345 3055 quin-

282 3052 425 3134 quedies
449 3049 554 3113 Rhodi
577 3054 703 3130 morati,
720 2992 950 3118 Alexandream
973 3056 1228 3140 proficiscuntur.
1274 3055 1344 3120 Nec

282 3158 320 3199 eo
335 3136 462 3222 segnius
481 3136 603 3220 judicia
624 3161 664 3200 ex
679 3137 807 3202 decreto
821 3162 928 3203 eoram
951 3140 1000 3203 hia
1021 3140 1104 3205 facto
1122 3141 1228 3204 Rhodi
1251 3162 1345 3204 exer-

281 3221 449 3283 cebuntur:
474 3244 568 3307 quam
591 3225 856 3308 perseverantium
871 3228 904 3289 in
920 3225 1130 3311 ⁴exsequenda
1149 3249 1185 3290 re
1206 3226 1346 3291 Decimii
1413 3272 1425 3293 .
1453 3284 1459 3303 ,

282 3303 431 3368 lenitas*.

137 3452 143 3463 ,
323 3389 386 3454 ΧΙ.
418 3391 529 3468 Quum
552 3394 622 3458 brec
642 3408 838 3481 gererentur,
868 3395 1046 3461 Antiochus
1074 3396 1193 3461 frustra
1214 3397 1345 3461 tentatis

118 3480 264 3543 Μαι»
280 3476 437 3540 nroenibus
454 3479 667 3544 Alexandreae
688 3481 897 3545 abscesserat:
921 3494 1087 3568 ceteraque
1101 3481 1246 3568 AEgypto
1259 3483 1346 3566 poti·

119 3546 146 3591 ἃ·
279 3570 341 3637 tus,
362 3566 472 3625 relicto
499 3564 644 3649 Memphi
667 3569 785 3652 majore
810 3567 989 3644 Ptolemae,
1014 3570 1066 3632 cui
1088 3589 1220 3654 regnum
1242 3568 1347 3653 quseri

279 3647 343 3710 suis
364 3649 483 3710 viribus
512 3651 692 3732 simulabat,
718 3653 924 3717 strictorem
949 3676 1026 3717 mox
1049 3652 1284 3737 adgrederetur,
1308 3653 1346 3717 in

281 3733 405 3819 Syriam
422 3736 594 3798 exercitum
610 3737 754 3801 abduxit.
797 3738 866 3803 Nec
881 3739 973 3825 hujus
988 3739 1159 3803 voluntatis
1173 3740 1239 3824 ejus
1254 3739 1346 3824 igna-

195 3854 198 3861 ·
278 3840 332 3882 rus
351 3819 553 3895 Ptolemaeus,
569 3823 643 3884 dum
659 3824 866 3888 conterritum
887 3825 1060 3888 obsidionis
1080 3838 1166 3888 metu
1186 3825 1347 3888 minorem

277 3904 406 3970 fratrem
422 3905 562 3983 haberet,
579 3928 671 3991 posse
692 3931 725 3972 se
747 3910 844 3997 recipi
867 3912 1090 3990 Alexandreae,
1105 3922 1136 3972 et
1158 3931 1266 3974 sorore
1287 3911 1347 3973 ad-

309 4057 342 4104 89
358 4057 470 4103 Sttrmen
477 4058 563 4119 pupulo
571 4056 649 4120 first]
662 4058 794 4106 Probabilis
826 4074 865 4107 sos
876 4069 981 4109 urunt.

278 4126 315 4171 αἱ
333 4118 472 4183 conjectura
491 4122 545 4168 Jac.
564 4123 695 4168 Gronoriir
723 4136 747 4168 rs
767 4137 795 4169 ee
857 4125 890 4172 40
905 4126 955 4173 sus
974 4125 1086 4187 mental
1104 4124 1143 4171 ste
1165 4132 1190 4172 et
1210 4124 1304 4180 Florus,
1326 4129 1348 4176 1.

278 4194 342 4227 merse
360 4186 444 4244 populo
459 4185 658 4247 (Rhodio)snret.
690 4186 795 4240 Quaem
827 4188 942 4236 111.αά
958 4189 1243 4249 ermemmarus

279 4249 795 4312 nmpeuescnpsmtueamiuauumrp.
993 4268 997 4273 ·
