2942 4750
297 222 352 274 104
695 217 805 276 TlTl
839 218 975 278 LIVIl

137 399 166 444 υ.
178 398 204 443 c.
217 396 271 442 aar.
297 388 366 442 tum
388 389 493 441 tamen
509 392 542 443 et
557 378 709 442 Gentium
727 378 908 463 lllyriorum
930 399 1036 464 regem
1058 378 1223 443 habebant.
1247 377 1256 440 i
1312 400 1356 443 ue

136 464 167 508 Α·
179 460 205 537 ⁰5
219 460 271 505 ¹⁷⁰²
297 475 330 525 et
343 477 416 528 octo
432 486 523 526 naves
537 474 663 525 ornatas
683 485 703 523 a
725 463 894 526 Brundisio
909 477 1035 526 senatus
1049 466 1171 527 censuit
1183 464 1293 526 mitten
1318 481 1353 526 as

137 523 340 649 &wad
363 549 402 610 C.
427 547 557 610 Furium
580 548 715 630 legatum
747 548 856 622 lssam,
879 549 1025 633 quicum
1048 550 1195 630 praesidio
1216 547 1354 610 duarum

301 633 467 696 Issensium
484 633 607 693 navium
622 632 732 693 insulae
742 645 887 714 praeerat.
909 638 973 695 duo
989 633 1086 696 millia
1100 633 1239 695 rnilitum·
1250 632 1282 693 in
1299 653 1352 694 eas

299 737 393 779 naves
407 731 480 777 sunt
495 716 644 798 inposita,
656 738 728 799 quaa
745 717 787 791 Q.
806 715 944 780 Maenius
963 732 1082 799 praetor
1093 739 1135 780 ax
1152 731 1353 779 senatuscoa-
1459 715 1460 720 ’

300 801 382 863 sulto
405 799 436 860 in
452 822 489 862 ea
502 813 591 883 parte
613 800 721 875 ltalia,
738 823 808 884 quta
831 802 954 885 objecta
976 802 1104 885 Illyrico
1123 817 1178 872 est,
1195 800 1355 883 conscrip-

300 885 355 947 sit:
378 899 410 946 et
434 889 541 947 consul
571 884 728 948 Hostilius
754 888 814 968 ap.
837 887 1004 949 Claudium
1035 888 1066 948 ia
1095 885 1252 969 lllyricum
1279 906 1354 947 cum

300 983 435 1053 quatuor
457 970 595 1032 millibus
617 969 763 1052 peditam¹
783 970 874 1044 misit,
898 984 934 1033 ut
954 970 1079 1033 adcolas
1103 970 1221 1054 lllyrici
1241 972 1355 1032 ⁴⁸tutu-
1459 975 1460 1056 i

300 1069 418 1116 rentur.
440 1055 504 1137 qui,
521 1076 584 1116 non
600 1066 766 1117 contentus
780 1054 829 1133 iis,
842 1077 920 1136 quas
939 1055 1123 1130 adduxerat,
1139 1055 1248 1138 copiis,
1264 1053 1357 1117 auxi·
1459 1065 1460 1070 ’

300 1137 343 1199 lia
358 1139 398 1200 ab
412 1140 502 1201 sociis
516 1138 730 1223 conrogando,
748 1140 785 1201 ad
808 1153 880 1202 octo
900 1140 1000 1202 millia
1019 1140 1182 1201 hominurn
1198 1138 1285 1200 vario
1299 1160 1356 1222 ge·

301 1245 376 1285 nere
397 1226 547 1287 armavit:
575 1237 802 1307 peragrataque
824 1225 910 1285 omni
932 1247 968 1286 ea
990 1225 1128 1309 regione,
1152 1224 1192 1286 ud
1217 1222 1358 1305 Lychni-

301 1307 377 1370 dum
394 1308 644 1372 Dassaretiorum
660 1308 813 1370 consedit.

141 1409 187 1465 aa
199 1405 269 1450 crau-
345 1392 390 1455 X.
408 1393 507 1456 Haud
518 1393 629 1477 procul
639 1393 712 1455 inde
724 1392 849 1455 Uscana
859 1392 1010 1476 oppidum
1023 1394 1132 1455 finium
1144 1396 1164 1426 ⁴⁴
1173 1393 1357 1476 plerumque

114 1471 236 1578 'parab
264 1531 269 1541 .
305 1477 407 1543 Persei
437 1494 515 1540 erat.
548 1480 655 1540 decem
686 1476 784 1539 millia
811 1477 925 1539 civium
953 1477 1098 1552 habebat,
1121 1491 1154 1540 et
1180 1477 1355 1554 modicum,

140 1545 282 1644 ffiffi
302 1564 453 1627 custodiae
475 1569 592 1637 caussa,
617 1561 815 1624 Cretensium
843 1562 1035 1644 praesidium.
1090 1564 1167 1626 lnde
1187 1562 1295 1624 nuncii
1316 1560 1357 1623 ad

303 1649 468 1712 Claudium
492 1647 606 1710 occulti
631 1647 813 1792 sepiebant:
831 1649 873 1792 ἔτ’
894 1651 1018 1794 propg'us
1041 1651 1145 1728 copias
1169 1648 1357 1720 admouisset,

461 1757 478 1794 o
566 1734 596 1794 ui
650 1741 773 1792 oerent
794 1752 832 1792 ur
850 1749 904 1794 em.
985 1744 1118 1794 roera
1174 1735 1264 1793 etium
1285 1750 1348 1793 esse

300 1736 589 1905 padiaidsujniziilcqire
602 1754 727 1890 tiizaana
743 1819 798 1878 sed
810 1818 904 1878 etiarn
918 1754 1358 1897 militaairaeuapiaptaammi

305 1910 383 1990 Spes
409 1907 571 1990 cupiditati
596 1904 722 1968 admota
744 1901 788 1964 ita
809 1902 981 1966 obcaecavit
1001 1902 1151 1976 animum,
1175 1914 1212 1962 ut
1236 1919 1293 1962 nec
1315 1918 1360 1961 ex

302 1992 349 2066 iis,
367 1995 422 2080 qui
448 2004 626 2070 veneruntss,
650 2013 836 2077 qrremquam
861 1989 1026 2065 retineret3
1051 2007 1109 2048 nec
1130 1985 1263 2059 obsides,
1285 1984 1360 2068 pig-

303 2097 363 2137 nus
379 2081 501 2138 luturos
517 2083 601 2142 furto
623 2090 654 2139 et
674 2078 785 2140 fraude
806 2078 937 2160 agendae
959 2074 1013 2147 rei,
1030 2083 1189 2155 posceret3
1211 2091 1271 2133 nec
1284 2070 1360 2131 mit-

303 2173 383 2222 teret
404 2163 621 2241 exploratum
645 2185 703 2226 nec
727 2163 820 2224 iidem
839 2162 1006 2243 acciperet.
1029 2157 1080 2220 die
1102 2168 1223 2218 tantum
1239 2165 1361 2217 statuta

202 2321 205 2328 .
303 2245 460 2328 profectus
482 2271 501 2310 a
526 2248 702 2331 Lychnido,
726 2248 889 2310 duodecim
914 2243 1012 2307 millia
1033 2243 1074 2305 ab
1097 2241 1183 2314 urbe,
1199 2239 1239 2302 ad
1262 2259 1360 2322 quam

304 2330 462 2408 tendebat,
486 2337 591 2417 posuit
613 2349 722 2398 castra.
767 2332 891 2407 Quarta
913 2328 987 2394 inde
1010 2327 1116 2415 vigilia
1136 2325 1225 2410 signa
1248 2324 1359 2402 movit,

306 2418 390 2481 mille
411 2417 507 2483 ferme
528 2423 567 2484 ad
590 2422 774 2504 praesidium
796 2433 969 2481 castrorum
993 2415 1127 2479 relictis:
1150 2409 1360 2493 incompositi,

305 2503 402 2589 longo
432 2508 557 2591 agmine
587 2508 686 2584 effusi,
709 2505 930 2586 infrequentes,
947 2522 1052 2583 ,quum
1075 2510 1247 2563 nocturnus
1271 2514 1362 2557 error

306 2588 479 2668 dissiparet,
497 2591 536 2649 ad
554 2593 662 2649 urbem
678 2601 895 2667 pervenerunt.
933 2587 1038 2645 Crevit
1052 2583 1260 2667 neglegentia,
1275 2588 1362 2663 post·

306 2690 399 2750 quam
417 2674 572 2730 neminem
589 2681 743 2729 armatum
765 2668 796 2727 in
819 2669 916 2728 muris
930 2667 1086 2728 viderunt.
1131 2663 1364 2740 Ceterum,ubi
1417 2675 1430 2705 ⁶

239 2822 243 2829 ,
307 2753 444 2831 primurn
460 2752 613 2833 subjactn
630 2754 682 2812 teli
699 2751 834 2825 fuerunt,
850 2748 972 2812 duabus
994 2750 1085 2812 simul
1102 2753 1203 2832 portis
1223 2748 1364 2830 erumpi·

307 2847 379 2912 tur';
403 2848 433 2896 et
448 2835 487 2895 ad
503 2834 670 2896 clamorem
686 2834 918 2915 erumpentium
941 2834 1053 2915 ingens
1063 2834 1216 2918 ¹strepitus
1232 2854 1250 2895 e
1264 2832 1364 2896 muris

307 2932 395 2982 ortus
419 2920 602 2996 ululantium
626 2919 794 2981 mulierum
816 2940 887 2981 cum
911 2919 1032 3002 crepitu
1054 2920 1196 3003 undique
1216 2919 1307 2980 oeris:
1331 2931 1365 2981 et

308 3005 467 3068 incondita
487 3004 667 3079 multitudo,
691 3003 785 3067 turba
813 3004 947 3065 inmixta
974 3004 1087 3085 servili,
1110 3005 1203 3068 variis
1222 3002 1365 3065 >vocibus

308 3090 504 3175 personabat.
553 3090 617 3153 Hic
644 3107 706 3152 lam
736 3088 902 3172 multiplex
924 3090 1064 3174 undique
1093 3090 1232 3174 objectus
1261 3097 1366 3151 terror

308 3174 421 3249 effecit,
443 3197 484 3236 no
505 3175 656 3238 sustinere
677 3175 813 3258 primam
835 3174 1006 3257 procellam
1028 3174 1204 3258 eruptionis
1227 3173 1367 3236 Romani

308 3272 447 3342 possent.
492 3259 603 3345 Itaque
628 3262 781 3347 fugientes
802 3259 919 3341 plnres,
941 3282 1035 3345 quam
1057 3272 1244 3343 pugnantes,
1266 3259 1366 3321 iuter·
1451 3284 1460 3311 ι

309 3344 384 3407 emti
410 3356 498 3407 sunt:
521 3351 575 3408 vix
601 3345 666 3408 duo
694 3345 790 3408 millia
814 3345 979 3419 horninum
1007 3366 1079 3407 cum
1103 3345 1172 3428 ipso
1200 3344 1305 3430 legato
1330 3342 1366 3406 iu
1425 3366 1437 3394 ·

309 3441 410 3491 castra
424 3430 637 3516 perfugerant.
683 3430 759 3504 Quo
773 3430 898 3512 longius
913 3431 971 3492 iter
985 3430 1018 3492 in
1033 3445 1135 3493 castra
1149 3442 1225 3504 erat,
1241 3450 1280 3491 eo
1294 3427 1367 3511 plu·

309 3534 358 3575 res
387 3512 482 3576 fessos
511 3517 711 3578 consectandi
742 3514 884 3577 hostibus
912 3517 1003 3596 copia
1030 3513 1099 3577 fuit.
1143 3513 1196 3578 Ne
1224 3524 1366 3576 moratus

310 3596 436 3682 quidem
453 3600 484 3662 in
499 3602 607 3663 castris
625 3600 760 3683 Appius,
777 3613 812 3663 ut
833 3621 904 3662 suos
926 3598 1090 3682 dissipatos
1102 3599 1178 3685 fuga
1193 3597 1367 3684 colligeret,

312 3688 397 3767 (quae
427 3704 475 3745 res
504 3684 615 3830 palatis
640 3707 696 3768 per
721 3707 816 3769 agros
836 3685 929 3746 saluti
952 3683 1073 3764 fuisset)
1100 3685 1141 3747 ad
1164 3681 1370 3770 Lychnidum

312 3766 455 3853 protinus
471 3789 504 3830 re
518 3769 728 3851 iquiascladia
744 3770 879 3832 reduxit.

354 3852 414 3916 XI.
440 3850 523 3915 Haec
544 3865 576 3915 et
597 3853 668 3928 alia,
684 3853 772 3916 haud
794 3875 943 3938 prospere
962 3853 995 3915 in
1011 3852 1202 3917 Macedonia
1216 3864 1312 3939 gesta,
1329 3873 1373 3916 ex

313 3938 387 4002 Sex.
411 3936 533 4023 Digitio
558 3938 687 4001 tribuno
707 3938 852 4014 militum,
868 3938 924 4024 qui
941 3938 1086 4002 sacrificii
1106 3960 1215 4003 caussa
1231 3938 1371 4002 Romam

688 4058 702 4098 8
713 4062 820 4103 vetarunt
831 4059 904 4103 Gran.
917 4057 984 4103 Crat.

313 4152 316 4159 '
344 4158 377 4205 48
395 4160 549 4223 Paterentur]
567 4161 646 4223 Magis
663 4162 768 4220 placeret
788 4166 825 4206 ta-
857 4163 944 4208 flnibus
957 4162 1242 4224 Maceuonoeanlyelet
1254 4162 1372 4223 positum,

312 4225 417 4275 tamar,
435 4237 525 4284 nempe
533 4227 578 4284 Ap
591 4225 723 4272 Claudius·
857 4227 930 4271 modo
945 4222 1028 4285 hujus,
1041 4226 1114 4272 modo
1129 4228 1195 4272 illius
1210 4226 1309 4272 ditionis
1318 4227 1373 4273 flas·

346 4282 554 4349 44*thun
581 4288 635 4337 Hoc
656 4289 773 4349 oppidum
800 4290 826 4336 la
856 4294 911 4345 rata
928 4290 979 4345 aad,
997 4294 1026 4334 ut
1044 4289 1375 4348 plurluruurdloeedouicn·
