2942 4750
359 155 363 164 ⁴
387 194 481 253 nra.
500 192 610 252 xnrv.
643 192 744 252 cre.
764 193 908 255 xxxvr.
1123 199 1180 264 rar

111 358 228 434 cavati,
244 356 349 442 paullo
362 356 435 506 glus
456 379 553 443 qoam
576 356 662 421 mille
682 377 799 441 passus.
813 356 952 441 patebat
997 356 1049 422 Ibi
1066 359 1218 426 inme-tt.
1229 372 1256 419 c.
1268 371 1323 421 tet

111 444 182 526 dio,
210 444 361 528 spectanti
386 466 422 507 us
444 445 602 528 utrimque
626 464 667 505 ex
687 443 772 506 vallo
792 455 967 507 castrorum
989 442 1066 508 hinc
1095 437 1325 531 segestam

113 528 192 596 binc
206 529 335 594 consule
351 551 426 593 cum
447 531 514 594 suis
537 528 723 614 legionibus,
739 542 918 615 pugnatum
943 541 1002 595 est.
1048 530 1181 596 Missili-

112 613 175 679 bus
190 615 300 699 procul
316 615 404 702 regia
417 615 539 679 auxilia
560 614 670 678 melius
692 617 897 700 pugnabant3
920 615 1063 679 corninus
1084 617 1181 681 stabi·

114 699 177 764 lior
196 713 229 765 et
251 702 359 778 tutior,
381 705 457 764 'aut
481 721 602 783 parma,
620 710 675 763 sut
694 712 785 763 scuto
807 700 987 787 Ligustino,
1012 702 1182 767 Romanus

113 798 195 851 erat.
242 786 381 850 Meridie
399 786 463 849 sere
487 785 627 869 receptui
648 786 720 848 cani
742 785 806 848 suis
820 785 932 849 consul
946 786 1051 870 jussit.
1075 788 1122 851 its
1141 810 1182 853 eo

113 872 169 936 die
190 871 362 936 diremtum
384 871 534 955 proelium
550 882 609 951 est,
625 869 710 934 haud
732 871 842 953 paucis
857 872 1017 955 utrimque
1031 873 1181 939 interlec-

114 959 168 1023 tis.
213 958 288 1022 Sole
302 973 374 1022 orto
388 970 516 1041 postero
537 956 599 1031 die,
614 955 745 1019 irritatis
759 956 930 1019 certamine
944 959 1068 1035 animis,
1084 959 1180 1025 etiam

114 1045 222 1108 acrius
236 1065 424 1108 concursum
440 1058 504 1107 cst:
527 1042 581 1105 sed
598 1041 748 1118 Romani,
761 1063 825 1104 non
837 1041 878 1104 ab
893 1041 942 1105 his
956 1054 1090 1119 tantum,
1107 1067 1181 1109 eum

114 1130 232 1215 quibus
255 1141 455 1193 contractum
477 1140 635 1192 certamen
658 1139 738 1206 erat,
760 1127 815 1190 sed
836 1126 938 1191 multo
960 1130 1060 1215 magis
1083 1128 1124 1193 ab
1144 1152 1183 1196 ea

115 1216 330 1292 multitudine,
346 1237 418 1300 quae
439 1214 591 1298 disposita
611 1214 645 1276 iu
666 1212 807 1277 torribus
829 1212 941 1290 stabat,
957 1214 1045 1277 omni
1065 1227 1182 1301 genere

115 1300 285 1365 missilium
314 1302 449 1364 telorum
476 1323 512 1363 ac
541 1298 627 1364 saxis
652 1299 789 1362 maxime
812 1298 1070 1366 vulnerabantur.
1116 1301 1182 1366 Ubi

115 1389 250 1471 propius
264 1387 365 1470 ripam
389 1386 524 1449 bostium
540 1385 706 1458 subissent,
722 1385 888 1447 tormentis
911 1385 1003 1447 missa
1024 1386 1118 1449 etiam
1141 1387 1182 1452 ad

116 1472 246 1536 ultimos
260 1472 495 1555 perveniebant.
540 1469 649 1553 Multo
669 1468 816 1553 pluribus
830 1491 869 1532 eo
888 1467 943 1533 die
961 1470 1091 1549 arnissis,
1106 1494 1184 1536 con·

116 1559 170 1623 sul
184 1557 293 1642 paullo
307 1560 406 1621 serius
421 1557 540 1640 recepit
560 1577 644 1620 suos.
700 1553 812 1618 Tertio
826 1556 879 1619 die
892 1556 1010 1641 proelio
1020 1559 1181 1635 abstinuit,

116 1644 285 1730 degressus
299 1643 340 1708 acl
360 1644 456 1707 imam
480 1654 605 1728 partem
619 1654 804 1718 castrorum,
821 1641 916 1706 veluti
932 1650 1008 1726 ’per
1022 1642 1183 1707 devexum

116 1731 153 1791 in
171 1751 255 1792 mare
277 1729 442 1795 brachium
465 1729 632 1794 transitum
655 1740 840 1793 tentaturus.
886 1727 1032 1806 Perseus,
1048 1729 1134 1812 quod
1148 1729 1183 1791 in

114 1815 217 1880 oculis
231 1828 310 1895 erat,

539 1939 756 1979 kk*

164 2053 325 2119 XXXVI.
360 2058 518 2121 seranni
544 2071 616 2143 post
640 2060 867 2124 circumactum
896 2055 1064 2123 solstitium
1095 2068 1287 2122 erattmmiur

119 2140 200 2203 bora
213 2140 278 2205 diei
295 2143 361 2226 jam
385 2141 425 2206 ad
440 2142 602 2207 meridiem
619 2147 788 2230 vergebat:
812 2145 871 2208 iter
885 2145 987 2210 multo
1002 2148 1132 2230 pulvere
1153 2137 1322 2208 mmm

117 2217 328 2289 incalescente
349 2227 415 2290 sole
435 2228 552 2291 fuctum
574 2241 651 2293 erat.
681 2227 832 2291 lassitudo
846 2242 879 2290 et
899 2232 965 2292 sitis
981 2232 1049 2312 jam
1071 2230 1185 2294 sentie-

5 2308 6 2315 '
117 2310 227 2386 batur,
251 2322 293 2385 et,
319 2311 450 2374 meridie
479 2314 626 2390 instante,
652 2314 753 2396 magis
774 2315 990 2377 ‘accessurum
1016 2325 1187 2397 utrumque

115 2394 304 2478 adparebat.
349 2396 468 2458 Statuit
481 2397 526 2457 sic
548 2395 686 2456 adiectos
708 2394 829 2455 recenti
844 2409 938 2477 atque
958 2398 1084 2480 integro
1106 2398 1189 2461 hosti

114 2501 187 2547 non
203 2478 348 2562 objicere.
394 2478 458 2542 Sed
480 2490 586 2541 tantus
608 2478 699 2540 ardor
722 2478 756 2539 in
778 2475 891 2540 animis
912 2479 952 2541 ad
973 2478 1189 2544 dimicandum

116 2566 283 2648 utrimque
298 2578 376 2641 erat,
392 2574 429 2628 nt
449 2562 572 2628 consuli
594 2583 660 2626 non
683 2562 808 2625 minore
821 2575 889 2626 arte
907 2563 948 2627 ad
971 2584 1044 2627 suos
1058 2562 1188 2629 eluden-

58 2710 68 2729 ,
115 2654 191 2727 dos,
208 2658 302 2735 quam
317 2649 359 2714 ad
374 2649 488 2727 hostes,
504 2670 584 2732 opus
598 2660 687 2712 esset.
719 2646 872 2725 Nondum
888 2649 1188 2746 pmnibusinstruo-

116 2739 172 2817 tis,
187 2735 324 2800 instabat
338 2734 472 2799 tribunis
493 2735 640 2811 militum,
656 2743 692 2797 ut
712 2745 908 2799 maturarent
924 2735 1101 2803 instruere:
1125 2737 1186 2803 cir·

117 2822 261 2889 cumibat
275 2822 342 2907 ipse
363 2821 501 2901 ordines,
516 2821 639 2885 animos
661 2819 797 2884 militum
813 2819 970 2885 hortando
988 2821 1022 2885 in
1043 2844 1186 2910 pugnam

117 2908 322 2975 accendebat.
366 2908 416 2972 Ibi
430 2910 535 2992 primo
556 2906 675 2971 alacres
697 2907 825 2993 signum
847 2907 1030 2990 posoebant.
1059 2909 1184 2986 deinde,

118 3008 275 3081 quantum
291 2995 479 3058 incresceret
499 3007 605 3068 aestus,
621 3003 653 3055 et
674 2991 781 3055 vultus
803 2991 907 3054 minus
927 2990 1071 3079 vigentes
1085 3006 1117 3056 et
1130 3015 1186 3057 ro-

118 3103 173 3146 ces
191 3080 351 3166 segniores
372 3092 472 3155 erant,
489 3090 521 3141 et
541 3076 670 3163 quidam
693 3075 912 3140 incumbentes
932 3077 1040 3154 scutis,
1061 3078 1186 3162 nisique

118 3165 195 3252 pilis
210 3164 345 3230 stabant.
390 3163 476 3228 Tum
498 3164 566 3248 jam
588 3161 842 3247 aperte⁸primis
862 3162 1027 3227 ordinibus
1042 3162 1184 3247 imperat,

10 3304 17 3319 .
50 3292 59 3310 ·
120 3264 316 3329 metarentur
341 3250 477 3314 frontem
507 3262 693 3327 castrorum,
714 3260 747 3311 et
775 3247 991 3332 iupedimenta
1015 3248 1186 3339 constitue-

155 3481 237 3529 sAur
251 3496 345 3543 pareto,
365 3486 407 3528 out
421 3485 483 3528 auto
500 3474 638 3539 mgnum]
669 3491 736 3532 men,
748 3483 821 3537 atque
831 3480 899 3532 adeo,
912 3484 939 3525 ut
950 3480 1000 3531 fere
1012 3481 1047 3535 ut,
1058 3479 1141 3527 minus
1151 3480 1185 3525 al-

120 3546 172 3597 flie
183 3560 271 3606 nempe
279 3547 420 3606 pugnabunt
428 3547 511 3592 velites
523 3544 636 3596 Romani,
670 3549 724 3588 tum
734 3547 761 3588 et
771 3544 874 3589 nunsitu
885 3543 981 3589 lucilius
990 3557 1049 3589 erse.

120 3610 167 3671 qui
187 3623 297 3669 parmam
322 3610 459 3665 habebant3
483 3616 508 3655 et
527 3608 638 3669 Ligures,
703 3604 892 3652 ‘adsensurum
916 3609 1050 3671 utrumque]
1078 3607 1185 3655 Lassitu-

120 3674 341 3734 quiscotum.sed
359 3674 452 3720 lsreet
468 3684 639 3721 exmoresuse
671 3669 755 3716 dinem
776 3676 801 3715 et
822 3670 895 3717 sitim.
927 3670 976 3717 liic
992 3672 1087 3733 generis
1105 3684 1186 3720 mura·

118 3737 211 3799 gentis.
244 3737 324 3783 Testis
335 3743 372 3783 est
383 3736 561 3784 Plutarchusin
573 3748 641 3781 exer·
672 3733 708 3779 tio
728 3733 831 3781 offendit
848 3735 1004 3783 Gronovium.
1036 3736 1083 3783 Sed
1099 3738 1185 3783 eodem
1288 3772 1293 3780 .

120 3803 174 3849 situ
185 3799 277 3847 AEmssii
295 3801 370 3847 fiune
385 3802 493 3861 aliquem
509 3811 640 3846 numerum
672 3798 744 3856 plane
761 3799 833 3845 modo
851 3804 932 3845 noster
948 3812 1021 3860 mpra
1030 3801 1048 3845 1.
1060 3798 1149 3844 XXX.
1163 3811 1184 3842 e.

120 3865 252 3925 ljgururn.
673 3861 713 3907 30.
740 3859 815 3907 Tuum
830 3866 853 3909 et
865 3861 1045 3915 adolescentium,
1067 3865 1089 3906 et
1103 3872 1185 3919 perpe·

118 3968 123 3976 .
155 3928 240 3975 81³oe
255 3929 365 3977 mmm
383 3929 409 3973 irs
428 3940 495 3972 more
511 3924 641 3988 mium]
673 3929 738 3970 tuom
762 3925 909 3986 filieitatem,
932 3926 1051 3987 samsom
1079 3926 1185 3979 utroque,

120 3995 165 4041 An
176 3993 266 4039 somam
285 3993 424 4051 vallumque
434 4004 450 4036 a
460 3989 548 4036 Perseo
567 3989 640 4035 ducta
670 4002 740 4049 quom
754 3991 836 4048 quietis
844 3992 941 4050 operest
951 3988 1059 4038 masiliis.
1070 3988 1153 4029 metuo

121 4070 207 4103 mus
222 4070 298 4109 mare.
310 4070 339 4102 ac
350 4055 450 4115 prolude
460 4068 475 4099 a
485 4053 569 4099 ceteris
584 4065 639 4098 mu·
702 4050 834 4100 5⁸Prlmis
848 4051 978 4113 ordinibus]
996 4051 1134 4096 Primorurn
1149 4059 1187 4092 or-

121 4121 343 4181 nimeotislongius
349 4117 461 4164 remota?
477 4114 642 4163 anbrschium
673 4117 760 4164 diuum
774 4115 962 4165 centurionibus.
992 4112 1106 4157 Testatur
1116 4109 1187 4170 Poly·

121 4185 232 4239 miminis
252 4184 340 4244 Enipei
350 4183 377 4229 in
388 4195 456 4231 mare
472 4182 564 4227 devexo
574 4179 643 4225 alveo
674 4182 753 4228 biusl.
765 4181 812 4227 VI.
823 4182 898 4227 laetos
908 4176 1060 4227 centuriones
1070 4186 1128 4220 cum
1144 4176 1187 4222 tri·

121 4248 223 4296 fluens?
246 4248 324 4295 Sthoc
332 4243 640 4307 posterioremsuoapas.
674 4247 739 4291 huno
759 4245 866 4291 militum
890 4244 1024 4286 saeuorum
1049 4240 1188 4287 metationis

119 4312 267 4361 trutoevern
280 4312 365 4358 Livius
383 4311 423 4361 bic
441 4309 550 4357 sunder
560 4321 586 4355 re
598 4308 642 4354 flu·
672 4309 738 4368 apud
750 4308 874 4362 Romnum
884 4312 968 4353 eum
979 4301 1096 4352 babuisse·
