2942 4750
264 226 300 298 vi
647 218 992 297 PRAEFATIO.

265 444 334 521 est,
351 456 422 506 nec
439 429 518 505 sine
538 426 692 503 circuitu
718 431 914 504 verhomm
938 427 1045 503 vitari
1066 426 1255 502 interdum
1282 432 1377 523 pot·

266 561 358 627 erat.

106 685 230 760 mepa-
318 666 588 764 Epitomamm,
605 686 689 758 quae
706 661 861 759 singulis
886 661 987 735 libris
1007 661 1257 759 praefiguntur,
1276 683 1377 731 auc·

267 799 327 861 tar
350 783 550 877 ignoratur.
603 776 681 850 nas
708 778 807 850 enim
835 789 901 850 aut
921 776 1029 851 Livio
1054 775 1137 873 ipsi,
1159 785 1224 848 aut
1244 773 1292 848 L.
1314 773 1376 847 mr

268 901 393 983 Floro,
416 894 524 988 cujus
551 902 701 969 exstant
729 917 852 965 rerum
880 892 1138 966 Romanarum
1163 889 1245 964 libri
1273 914 1375 987 qua·

266 1006 362 1101 tuor,
381 1007 545 1083 adscribi
559 1031 635 1080 non
651 1007 789 1103 patitur
807 1008 935 1104 dispar
951 1008 998 1080 ab
1023 1017 1181 1103 utroque
1197 1005 1285 1100 styli
1302 1028 1372 1078 co·
1426 1006 1435 1049 ¹

267 1131 335 1203 lor.
377 1122 554 1219 Quisquis
569 1122 632 1194 ille
648 1121 766 1207 fuerit,
784 1147 898 1217 quem
914 1146 1026 1196 nosse
1042 1122 1146 1195 haud
1163 1145 1254 1194 sane
1271 1120 1372 1193 mul·

267 1257 347 1318 tum
362 1242 532 1333 interest,
543 1238 624 1332 ejus
650 1247 751 1329 certe
774 1237 964 1324 breviaria,
983 1248 1163 1335 tanquam
1179 1236 1375 1332 exanguia

266 1356 448 1456 quaedam'
468 1365 507 1427 et
532 1353 660 1426 leviter
687 1353 910 1427 adumbrata
935 1353 1171 1451 pulcherrimi
1195 1352 1369 1449 corporis

267 1473 477 1555 simulacra,
494 1492 572 1542 non
597 1468 698 1541 omni
723 1468 875 1565 prorsus
895 1494 985 1543 cura
1005 1469 1164 1565 indigna
1184 1477 1294 1554 sunt3
1320 1490 1371 1540 eo

267 1587 423 1685 quidem.
435 1585 566 1680 magis,
583 1584 688 1679 quod
704 1607 833 1657 eorum
859 1584 985 1681 aliqua
1008 1595 1066 1657 est
1086 1584 1136 1655 ad
1159 1582 1370 1667 historiam,

268 1703 331 1777 ubi
350 1702 477 1776 Livius
494 1697 631 1784 deficit,
649 1698 910 1773 illustrandam
926 1699 1077 1772 utilitas.
1302 1695 1307 1703 ’

318 1817 445 1912 Atque
461 1815 550 1888 haec·
563 1824 660 1898 sunt,
678 1838 761 1909 quae
788 1812 865 1886 sive
882 1815 931 1887 ad
950 1814 1046 1888 Livii
1071 1813 1196 1899 vitam,
1214 1811 1293 1884 sive
1314 1811 1369 1884 ad

267 1934 347 2025 ejus
375 1929 496 2026 operis
525 1931 694 2011 formam,
725 1928 1024 2026 descriptionem,
1046 1952 1230 2024 casusque
1248 1906 1369 2022 'perti-

249 2040 411 2132 nentia,
423 2067 501 2117 non
517 2043 687 2138 ignorare
704 2065 827 2141 operae
844 2045 1002 2142 pretium
1019 2044 1078 2118 sit.

153 2176 182 2222 ‘e
235 2206 241 2219 ·
317 2163 406 2236 Jam
432 2161 482 2232 de
509 2157 592 2254 ipso
618 2182 729 2256 opere
755 2185 923 2257 agamus,
940 2171 978 2234 et
1002 2161 1082 2255 ejus
1104 2159 1255 2233 virtutes
1281 2184 1366 2254 qnae

271 2288 359 2353 sunt
381 2275 540 2361 eximie,
555 2284 636 2347 tum
656 2276 769 2349 etiam
793 2276 892 2363 vitia,
921 2277 952 2350 si
971 2302 1047 2375 qua
1067 2276 1211 2361 fuerint,
1229 2274 1281 2347 ita
1301 2272 1367 2346 e'x-

107 2382 240 2481 ζζζᾞζ,
271 2393 492 2492 pendamus,
510 2401 561 2465 ut:
580 2402 619 2464 et
643 2391 735 2489 quid
759 2391 951 2467 clarissimi
973 2394 1161 2490 scriptoris
1186 2393 1304 2479 samae,
1327 2390 1368 2464 'et

106 2512 169 2545 '¹¹⁸
269 2510 362 2607 quid
379 2507 523 2582 veritati
539 2508 729 2594 debeatur,
748 2509 885 2605 pariter
898 2509 1186 2583 meminerimus.

147 2677 154 2689 .
184 2676 190 2689 .
265 2673 270 2688 ‚
319 2625 380 2698 Ac
395 2623 522 2718 »primo
547 2621 699 2715 quidem
722 2622 974 2718 eloquentiam
1001 2625 1094 2696 tanti
1120 2623 1186 2695 viri
1211 2621 1366 2695 laudare

127 2722 244 2819 illul?
246 2734 258 2746 “
269 2760 508 2837 supervacuae
530 2759 651 2829 operae
679 2735 737 2807 sit.
790 2736 913 2817 Quem
939 2738 1038 2809 enim
1065 2761 1141 2808 non
1164 2737 1291 2809 statim
1314 2736 1365 2809 le·

268 2862 416 2950 gentem
434 2848 549 2921 allicit
572 2848 787 2921 inaffeetata
801 2849 867 2922 illa
891 2851 1067 2923 narrandi
1078 2851 1309 2945 jucunditas,
1327 2861 1366 2925 et

268 2965 445 3064 limpidus
476 2963 585 3048 nitor,
616 2963 681 3059 qui
705 2974 744 3037 et
766 2964 924 3038 claritati
954 2966 1099 3054 serviat,
1129 2990 1199 3039 nec
1229 2977 1363 3053 careat,

246 3082 332 3157 ubi
359 3105 454 3179 opus
483 3089 551 3166 est,
578 3078 721 3168 nervis,
752 3103 831 3153 non
856 3082 983 3179 inepto
1010 3082 1164 3157 tumidae
1188 3077 1365 3156 orationis

270 3200 370 3274 fastu
393 3196 557 3283 inflatus,
583 3197 650 3269 sed
674 3195 784 3270 simul
807 3197 1063 3295 simplicitatis,
1082 3198 1191 3272 simul
1218 3197 1361 3271 mundi·

272 3315 405 3386 tiorum
421 3335 590 3398 memorr‘
611 3310 674 3407 qui
700 3312 871 3408 aquabili
888 3313 989 3388 velut
1009 3315 1073 3387 filo
1090 3313 1286 3398 deductus,
1303 3338 1362 3387 res

269 3438 396 3524 gestas
409 3426 463 3498 ita
478 3424 637 3498 naturali
653 3426 821 3521 quodam
846 3428 977 3503 ordine
1001 3430 1163 3528 explicet
1186 3428 1362 3525 paulatim
1437 3497 1438 3500 ,

269 3551 309 3614 et
335 3540 486 3636 aperiat,
515 3538 569 3612 ita
595 3539 769 3615 exhibeat
783 3543 920 3616 ¹omnia
944 3544 1038 3619 locis
1066 3544 1365 3643 temporibusque

272 3654 460 3740 distincta,
483 3654 537 3728 ita
558 3679 646 3729 suos
672 3656 802 3730 allinat
825 3659 935 3732 rebus
959 3669 997 3733 et
1016 3660 1184 3757 personis
1209 3659 1363 3746 colores,

272 3783 314 3847 ut
339 3796 466 3846 coram
493 3770 552 3867 agi
575 3772 761 3868 cernique,
781 3796 859 3846 non
883 3774 1042 3849 describi
1064 3801 1123 3850 res
1146 3776 1366 3871 auribusque

273 3886 393 3984 accipi
409 3886 629 3960 videantur?
680 3887 783 3970 Quid
801 3889 924 3964 dicere
942 3913 1036 3987 opus
1062 3902 1120 3966 est
1146 3893 1194 3965 de
1209 3891 1365 3965 incredi-

272 4002 337 4075 bili
358 4001 422 4074 illa
442 4001 665 4075 concionum
685 4002 766 4095 ejus
788 4013 826 4076 et
850 4004 1061 4080 orationum
1081 4005 1306 4103 eloquentia,
1325 4008 1363 4082 in

266 4116 407 4210 quibus
423 4118 580 4192 eximius
597 4117 754 4214 scriptor
770 4119 911 4193 nullam
924 4145 1001 4194 non
1016 4121 1196 4219 expressit
1214 4121 1363 4198 dicendi

272 4227 450 4305 laudem?
487 4232 533 4306 ln
557 4231 602 4306 iis
628 4234 931 4325 sententiatum
957 4238 1147 4332 gravitate,
1173 4247 1253 4311 tum
1278 4263 1364 4314 acu·
