2942 4750
263 107 331 166 exn
612 101 641 159 J.
659 99 729 187 ra
748 87 1010 158 caonovm
1069 112 1074 117 ,

264 276 382 351 potem.
404 264 475 330 lroec
489 261 611 329 addidit
626 283 666 326 ex
680 261 875 326 membranis
895 256 1095 325 bibliotheca
1108 256 1141 321 in
1157 256 1227 322 rode
1241 255 1348 321 ibidem
1405 256 1454 308 Ρ·

265 346 404 415 maxima
417 366 449 415 et
471 347 722 433 metropolitana,
738 348 784 413 D.
800 346 934 412 Martini
955 342 1124 429 appellata,
1138 357 1263 427 partem
1284 340 1352 406 libri

265 435 349 501 tertii
361 448 414 500 ett
432 435 439 451 ‘
464 435 553 500 esimi
567 457 587 497 s
600 433 710 518 capitis
729 441 775 501 17.
791 428 971 495 hisserbis:
995 426 1249 509 Arctisfoacidus
1259 429 1352 492 Acar·

266 524 371 585 naaiae
394 544 429 587 co
449 544 554 600 aerats,
578 521 648 598 (etsi
672 518 795 604 legatur
819 512 901 580 illic:
925 518 963 580 iis
971 515 1115 599 partibus
1136 516 1298 595 coherens)
1324 524 1353 577 et

289 607 357 671 uod
377 605 484 671 deerat
505 601 585 668 libro
610 603 731 688 quadra
753 603 851 666 esimo
873 623 972 687 usque
994 599 1034 663 ad
1052 598 1158 663 finem,
1204 597 1351 664 Ulrichus

267 630 435 758 ilunenus
462 689 504 755 ad
534 689 703 753 Albertum
730 628 1060 773 glirandeburgensem
1093 682 1297 749 Cardinalem
1323 696 1354 747 et
1415 674 1422 693 ⁸

268 775 461 862 Episcopum
478 773 722 859 Moguntinum,
738 772 890 837 Erasmus
905 771 1184 836 R'oterodamusad
1200 768 1354 833 Misobar·

259 863 360 943 ,barm
374 877 468 947 atque
483 860 610 924 eoldem
627 859 830 925 Plrilomusos
849 856 990 942 praefixis
1004 855 1146 939 epistolis
1161 876 1232 917 eam
1245 853 1356 918 boues·

260 959 381 1027 aterunt„
405 945 512 1011 Nicol,
529 944 723 1010 Carbachius
745 957 777 1007 et
800 938 923 1029 Wolfg.
948 943 1111 1028 Augustus
1132 945 1227 1025 (quos
1248 940 1354 1023 impri·
1425 992 1429 1011 .

267 1031 390 1097 mendis
405 1032 469 1095 illic
492 1024 553 1093 loci
573 1024 662 1093 libris
682 1027 827 1092 eamdem
849 1048 979 1112 operam
999 1037 1158 1108 praestare,
1174 1046 1271 1110 quam
1284 1038 1355 1109 post

260 1117 384 1197 ,Aldum
411 1116 551 1180 Venetiis
574 1114 759 1196 Egnatium,
778 1114 892 1177 Romae
912 1111 1023 1175 doctos
1042 1110 1208 1211 quosdam,
1226 1109 1355 1175 Basilea

266 1201 400 1267 Bestrun
415 1213 448 1264 et
463 1198 703 1276 Amorbachios,
717 1197 901 1283 Argentinae
918 1196 1114 1261 Gerbellrum
1125 1197 1170 1260 ait
1182 1195 1355 1277 Huttenua)

265 1284 454 1375 corrigendo
476 1283 691 1368 praefuerunt:
714 1278 842 1369 etquis
863 1277 897 1345 in
918 1281 1029 1375 apdem
1054 1281 1214 1345 volumine
1230 1281 1355 1366 Lango-

264 1368 400 1436 bardicis
420 1371 533 1435 litteris
555 1371 672 1455 scripto
693 1364 796 1432 ultimi
822 1389 950 1454 quoque
974 1366 1191 1451 septemlibri
1214 1365 1355 1429 debello

266 1450 478 1523 Macedonico
494 1456 741 1540 reperiebantur,
757 1452 819 1517 hoc
834 1453 962 1540 negotio
977 1452 1053 1537 ipsis
1067 1474 1086 1515 a
1101 1449 1262 1515 Scheffero
1273 1452 1355 1530 dato,

262 1544 319 1607 'eos
334 1565 406 1609 cum
423 1541 560 1630 vulgatis
579 1539 791 1605 contulerunt
837 1537 896 1603 Eae
909 1536 1059 1602 lectiones
1080 1538 1187 1619 variae,
1202 1538 1310 1622 paucis
1323 1538 1356 1601 in

265 1640 447 1693 contextam
464 1626 615 1704 admissis,
630 1640 805 1711 postremas
819 1624 923 1709 operis
944 1624 1075 1712 paginas
1090 1623 1221 1687 faciunt.
1266 1622 1358 1688 Circa

262 1710 350 1778 idem
365 1726 489 1797 tempus
512 1708 631 1777 Aldina
646 1708 778 1774 minoris
800 1709 1039 1774 formoeincudi
1060 1723 1168 1793 coepta
1189 1720 1237 1771 est
1252 1708 1355 1774 tradit

264 1820 373 1863 curam
389 1800 454 1884 ejus
470 1797 582 1861 habuit
602 1792 789 1861 Franciscus
813 1794 984 1871 Asulanus,
1000 1808 1033 1858 et
1054 1793 1288 1878 quamplurima
1301 1816 1357 1878 op·

260 1883 341 1946 'tima
356 1894 388 1945 et
402 1882 531 1965 antiqua
547 1895 578 1945 et
596 1883 812 1964 manuscripta
837 1879 1031 1965 exemplaria
1053 1903 1071 1943 e
1094 1879 1357 1944 bibliothecarum

261 1966 392 2030 latebris
420 1962 592 2063 collegisse,
619 1976 714 2051 atque
740 1987 779 2027 ex
805 1967 955 2028 omnibus
983 1965 1043 2029 hoc
1065 1967 1191 2029 tandem
1216 1964 1358 2030 lucidum

263 2062 358 2138 atque
372 2049 413 2114 ab
428 2071 515 2114 omnr
536 2062 627 2135 parte
652 2051 810 2138 integrum
838 2048 1020 2114 conflavisse
1043 2073 1108 2114 sese
1127 2051 1159 2114 in
1172 2042 1359 2135 prefatione

263 2137 347 2201 tertii
362 2134 440 2200 tomi
456 2135 494 2200 ad
516 2135 568 2200 Jo.
586 2132 763 2220 Baptistam
786 2135 980 2200 Tu'rrianum
1004 2135 1183 2220 profitetur.
1229 2135 1358 2201 Primus

263 2235 310 2289 est
320 2221 484 2286 absolutus
497 2244 604 2286 mense
614 2221 789 2286 Decembri
798 2236 952 2286 muxvnr.
971 2221 1051 2285 alter
1065 2244 1172 2287 mense
1185 2220 1360 2287 Februario

262 2318 390 2392 muxrx.
411 2308 523 2372 tertius
538 2329 611 2371 cum
626 2319 797 2392 augmento
818 2308 1071 2396 Magantiacensi
1092 2330 1200 2372 mense
1215 2300 1360 2373 Novem·

262 2389 312 2475 bri
335 2413 454 2459 maxx:
477 2406 509 2457 et
530 2394 563 2457 in
586 2407 716 2478 septem,
743 2416 822 2479 quos
848 2393 926 2468 dixi,
942 2393 1031 2458 libris
1056 2393 1219 2458 Asulanus
1240 2394 1362 2481 ubique

262 2473 329 2544 fere
343 2480 435 2544 istius
458 2479 575 2544 codicis
602 2480 725 2564 (utique
746 2479 815 2542 aliis
840 2475 1040 2561 praeferendi,
1056 2479 1113 2543 etsi
1136 2479 1291 2543 nonnulla
1312 2481 1363 2544 illi

263 2564 387 2643 melius,
403 2575 435 2628 et
448 2564 572 2629 delectu
586 2586 667 2649 opus
687 2563 794 2643 fuerit)
816 2565 966 2628 lectiones
987 2568 1113 2649 recepit.
1159 2564 1270 2650 Hujus
1284 2587 1363 2631 auc-

262 2652 422 2715 toritatem
444 2659 559 2715 secutae
580 2648 736 2732 vulgares,
752 2671 825 2734 quae
845 2671 931 2714 nunc
953 2649 1119 2727 habentur,
1136 2659 1304 2734 tantopere
1326 2652 1363 2717 in

262 2755 301 2801 es
327 2748 419 2820 parte
447 2735 488 2799 ab
517 2733 733 2820 superioribus
763 2735 968 2799 dissentiunt:
1004 2738 1037 2799 in
1067 2757 1142 2821 quo,
1173 2737 1363 2822 priusquam

262 2820 366 2904 ipsum
390 2820 543 2884 Schefferi
564 2821 817 2902 experimentum
839 2841 928 2884 casus
951 2821 984 2883 in
1006 2823 1152 2886 auctione
1166 2822 1301 2907 quadam
1318 2824 1365 2888 ad

262 2928 314 2971 me
328 2905 451 2984 detulit,
467 2905 524 2969 diu
546 2904 660 2969 anxius
681 2916 713 2967 et
734 2903 884 2968 sollicitus
906 2905 1053 2989 pependi.
1099 2906 1272 2974 Florentiae
1290 2906 1365 2974 hae-

262 2991 353 3057 redes
370 2992 510 3091 Philippi
525 2991 634 3055 Juntae
645 3010 784 3054 muxxrr.
806 3007 863 3075 per
880 2988 998 3055 Aldina
1010 2992 1141 3080 vestigia
1151 2993 1364 3072 incesserunt,

260 3078 436 3164 praeposito
451 3091 544 3142 otram
560 3076 700 3139 carmine
715 3076 747 3139 in
763 3075 888 3140 laudem
907 3074 1052 3142 Asulani.
1081 3080 1253 3144 ‘Successit
1274 3101 1365 3145 anno

263 3185 442 3229 muxxvnr.
479 3160 631 3226 Eucherii
656 3161 840 3225 Cervicorni
867 3161 1021 3246 Coloniae,
1044 3176 1081 3228 ut
1100 3177 1190 3248 puto,
1205 3166 1367 3231 instituta.

263 3248 373 3314 Multa
388 3249 440 3312 ille
455 3248 494 3311 ad
504 3247 654 3311 lectorem
665 3244 823 3333 gloriatur
837 3262 869 3312 et
880 3248 1017 3333 imputat
1031 3248 1156 3314 fiduciae
1167 3250 1274 3333 plena,
1285 3273 1368 3351 que

263 3344 370 3397 tamen
385 3333 418 3396 in
431 3332 624 3395 contrarium
637 3329 764 3395 vertisse
777 3332 868 3396 valde
878 3334 1052 3419 suspiceris,
1063 3336 1088 3398 si
1103 3336 1200 3399 verba
1214 3337 1369 3403 conside·

264 3439 326 3481 res.
371 3418 428 3481 Ait
442 3417 525 3479 enim
548 3418 699 3501 integram
721 3440 883 3502 salsumque
902 3421 953 3483 tic
976 3422 1089 3505 lraberi,
1106 3424 1158 3506 qai
1176 3425 1279 3488 multis
1292 3446 1372 3489 ver·

259 3504 365 3571 ,baara
394 3502 659 3592 amtmtiammqroe
687 3503 854 3567 vulneribus
882 3507 1045 3589 discerptas
1071 3509 1143 3571 olim
1169 3510 1369 3593 elanguerit,-

263 3592 359 3653 lenem
381 3598 411 3652 et
431 3589 573 3664 nitidum,
589 3590 645 3672 qui
663 3590 862 3675 nuperfoedir
883 3591 1051 3673 emplastris
1071 3596 1222 3677 olidirque
1238 3597 1373 3680 malag—

261 3676 356 3740 matis
377 3675 513 3759 margini
537 3674 676 3756 impactis
699 3677 849 3751 horridus,
870 3674 1024 3756 de‘forrnir,
1047 3689 1079 3742 et
1099 3678 1255 3744 otmarus
1273 3684 1373 3745 mssa

263 3765 315 3826 rit.
354 3761 438 3825 Nara
459 3759 510 3822 uli
534 3761 620 3824 lectio
632 3761 721 3843 sorte
743 3762 920 3836 variaverit,
938 3773 967 3825 et
987 3765 1067 3827 inter
1088 3766 1278 3848 eaernplario
1302 3787 1377 3830 noa

264 3848 447 3921 convenerit,
472 3866 510 3908 ea
530 3846 676 3929 delegisse
703 3866 745 3925 se,
769 3848 860 3928 idque
872 3846 997 3930 Jitdicio
1022 3851 1177 3912 doctorum
1197 3852 1376 3929 hominem,
1452 3851 1453 3922 l

264 3951 334 4016 ραι
353 3932 484 3996 auctoris
500 3933 643 4015 genm'aae
658 3930 769 4012 phrasi
787 3929 939 3996 Ιυἰειήἱοπι
975 3937 1076 3998 serint
1097 3937 1173 4012 aisa,
1190 3947 1220 4001 et
1241 3947 1381 4002 scaten-
1451 3949 1453 3984 ⁴

265 4018 377 4080 tionem
396 4014 606 4100 verborumque
625 4015 822 4080 commissurae
841 4020 940 4102 magis
959 4019 1100 4098 eeffim'a:
1120 4042 1159 4084 ne
1178 4023 1296 4086 scilicet
1313 4024 1383 4088 im-

264 4101 416 4164 becilliora
429 4100 556 4186 ingenia
570 4110 600 4164 et
613 4102 710 4164 vamae
729 4101 854 4164 lectioni
873 4124 935 4166 non
947 4106 1075 4168 adnecto
1099 4108 1180 4169 inter
1193 4117 1240 4171 tot
1251 4111 1382 4174 amba-

259 4205 316 4268 ges
331 4184 601 4278 *haurmnmeataa
613 4186 906 4271 fraudarentarque
919 4190 1002 4253 dulci
1016 4189 1381 4278 intelligentr'aefiroetu,
