2942 4750
403 96 495 162 LIB.
515 102 607 165 xiv.
641 103 741 163 css.
760 101 876 163 XXIV.
1112 105 1165 160 sss

107 256 227 328 >Patres
240 265 420 347 conscripti:
434 265 555 347 fauisse
568 288 621 329 nos
634 270 709 349 regi,
727 269 854 329 otiliam
874 267 992 327 uincere
1005 266 1143 326 maluisse
1153 297 1164 334 ,·
1176 274 1204 319 U·
1214 274 1239 320 C·
1252 269 1307 319 585·

110 352 182 412 ideo
204 352 278 413 hello
291 355 510 433 persequendos
532 373 592 415 esse
616 354 748 413 credunt.
792 352 860 413 Atii
883 349 1022 425 vestrum,
1045 338 1243 411 voluissem·
1257 336 1309 382 ¹⁶⁷·

107 437 229 516 quidem
243 457 295 497 nas
308 437 371 510 icoc,
384 447 553 499 nontamen
568 437 604 497 ab
616 438 650 497 id
659 437 735 497 bello
744 436 966 517 persequendos
974 454 1051 495 esse.-
1074 453 1169 514 neque

109 520 247 594 nucibus,
260 541 355 602 neque
368 523 482 602 legimus
491 522 580 582 ullius
590 520 721 582 ciuitatis
731 524 777 582 ita
785 529 989 601 comparatum
1005 539 1074 591 csse,
1086 528 1129 591 ut,
1143 519 1169 580 si

105 606 179 685 quis
192 606 281 667 veliet
296 605 447 667 inimicum
458 607 569 686 perire,
587 607 626 666 'si
640 605 847 686 nihilfecerit,
860 625 918 686 quo
931 605 1042 684 idflat‚
1058 605 1170 682 capitis

111 690 281 751 damnetur.
325 690 402 766 His,
417 692 470 771 qni
483 711 536 751 nos
545 710 645 768 poeaa,
660 710 719 750 uon
733 690 870 767 misniae,
883 689 1023 762 liberant,
1036 688 1170 770 gratiam

110 775 232 855 quidem
256 775 409 836 habemus.-
433 776 494 853 ipsi
518 775 603 834 nabis
627 775 703 834 hanc
732 774 855 835 dicimus
883 775 976 855 legem
983 796 995 846 ,·
1020 773 1047 835 si
1073 793 1170 838 omnes

111 860 266 931 voluimus,
281 861 361 939 quod
370 860 534 941 arguimur,
549 879 609 919 non
624 859 832 940 distinguimus
843 860 1023 920 voluntatem
1035 857 1169 939 aflecta:

111 962 213 1004 omnes
221 944 401 1023 plectamur.
445 945 481 1006 Si
494 944 552 1004 atii
559 944 727 1022 principum
742 952 909 1004 nostrorum
927 943 1016 1016 nobis,
1033 943 1090 1003 aiii
1102 945 1171 1024 regi

100 1026 277 1109 savemrnt,·
301 1049 361 1088 non
375 1030 501 1106 postulo,
516 1038 548 1088 ut
558 1036 687 1108 propter
701 1049 763 1103 nos,
779 1028 833 1110 qui
849 1030 983 1108 partium
1004 1036 1169 1090 vestrarum

104 1107 233 1189 suiuus,
249 1112 328 1193 regis
330 1112 476 1195 fautores
488 1113 565 1174 salui
578 1114 660 1174 sint:
682 1113 758 1173 iliud
765 1114 916 1192 deprecor,
928 1134 964 1173 ne
979 1133 1032 1172 nos
1043 1121 1171 1193 propter

113 1196 352 1274 illospercamus.
382 1198 453 1259 Non
461 1198 528 1259 estis
536 1219 587 1258 vos
598 1198 659 1258 iltis
668 1197 848 1280 infestiores,
860 1217 950 1278 quam
964 1198 1071 1258 civitas
1083 1198 1150 1278 ipsa
1157 1221 1169 1268 ,-

113 1282 162 1342 ’et
175 1281 229 1341 hoc
243 1283 296 1360 acti
309 1282 451 1356 sciebant,
463 1282 604 1364 plerique
617 1301 720 1342 eorum
739 1290 793 1342 aut
802 1281 1013 1363 prtficgnunt,
1026 1290 1081 1343 out
1093 1303 1170 1343 mor·

115 1374 175 1427 tcm
189 1365 244 1427 sibi
257 1367 467 1428 consciverunt.
491 1366 555 1440 atii,
574 1365 711 1427 damnati
724 1387 745 1427 a
759 1366 853 1441 nobis,
868 1368 900 1426 in
908 1375 1058 1446 potestate
1071 1376 1170 1428 uestra

115 1460 215 1520 erunt,
229 1452 338 1512 Patres
351 1453 525 1532 conscripti.
570 1451 672 1513 Ceteri
684 1451 808 1526 Rhodii,
824 1453 900 1514 sicut
909 1453 1043 1532 gratiam
1058 1453 1172 1513 nullam

114 1534 218 1596 meriti
231 1534 286 1597 hoc
300 1536 386 1609 bello,
396 1536 441 1597 ita
457 1557 494 1596 ne
502 1556 626 1616 poenam
635 1537 753 1617 quidem
767 1557 872 1599 semro.
902 1538 1048 1598 Prioncm
1057 1547 1173 1598 nostro-

114 1639 184 1680 rum
205 1618 426 1700 bucefactorum
446 1622 578 1681 cccmulus
592 1620 655 1693 noc,
671 1623 751 1702 quod
772 1643 848 1682 nunc
866 1632 1008 1683 cessatum
1030 1624 1063 1682 in
1080 1621 1175 1707 csffimo

115 1712 172 1781 est,
186 1706 315 1783 expleat.
362 1705 434 1766 Cum
448 1706 545 1767 tribus
557 1705 677 1787 regibus
687 1708 823 1787 gessistis
837 1706 914 1768 heila
923 1727 984 1786 per
1004 1707 1056 1766 teos
1070 1724 1175 1765 annos.

114 1809 157 1850 ne
165 1788 236 1867 plus
248 1789 325 1850 obsit
334 1789 430 1864 nobis,
442 1791 524 1872 quod
533 1811 592 1851 uno
606 1789 682 1852 helio
692 1793 876 1865 cessavimus,
892 1793 996 1871 'picam
1008 1790 1089 1870 quod
1103 1790 1176 1849 duo·
1213 1795 1216 1800 '

116 1873 628 1957 usoettisprovotispugnavtuus.
653 1875 838 1956 Philippum,
850 1875 1039 1950 Antistium,
1047 1876 1175 1949 Persea,

117 1966 272 2040 tamquam
286 1966 345 2022 tres
359 1962 533 2035 sententias,
541 1961 657 2040 ponite.
679 1962 748 2021 duze
761 1982 816 2022 nos
829 1961 1006 2023 absolvunt.-
1029 1968 1105 2022 ⁴una
1120 1961 1176 2021 du·

121 2041 173 2103 bio
191 2052 242 2116 est,
258 2052 290 2103 ut
302 2046 429 2124 gravior
449 2047 499 2107 sit.
542 2046 614 2107 ‘itti
636 2046 780 2107 danobis
800 2047 825 2106 si
836 2045 1026 2124 judicarent,
1041 2045 1177 2108 damnati

119 2147 255 2188 essemus.
277 2148 326 2189 vos
336 2128 488 2207 judicate,
503 2129 618 2190 Patres
639 2131 810 2208 conscripti,
825 2132 866 2190 sit
881 2131 1004 2192 Rhodus
1026 2133 1059 2190 in
1076 2131 1176 2203 terris,

19 2241 22 2254 ν
120 2231 164 2271 an
167 2211 315 2291 funditus
336 2214 479 2272 deleatur.
526 2213 596 2272 Non
621 2212 696 2270 enim
713 2214 751 2272 de
772 2213 847 2271 bello
872 2214 1052 2289 deliberatis,
1066 2215 1180 2290 Patres

19 2331 20 2374 t
121 2294 297 2366 conscripti,
324 2295 402 2372 quod
427 2291 540 2370 inferre
558 2294 693 2371 potestis,
714 2314 819 2372 gerere
841 2314 901 2352 non
919 2296 1069 2372 potastis,·
1094 2315 1181 2374 pirum

121 2398 210 2440 menso
224 2378 413 2437 unoutomm
427 2398 513 2436 arma
528 2379 667 2437 adversus
676 2395 728 2436 vos
742 2375 859 2435 laturus
873 2378 923 2437 sit.
965 2378 1000 2438 Si
1011 2398 1182 2457 perseuera-

123 2462 198 2523 bitis
214 2461 318 2533 inira,
334 2469 446 2540 tempus
467 2481 487 2520 a
509 2460 592 2521 uobis
608 2467 752 2540 petamus,
769 2479 827 2540 quo
848 2460 925 2520 hauc
926 2461 1085 2542 funestam
1100 2464 1183 2543 logo·

122 2547 234 2609 tionem
250 2546 363 2606 domium
379 2542 561 2623 raduanus.-
583 2543 683 2606 omnia
698 2543 789 2605 luera
811 2547 923 2623 capita,
940 2548 1086 2627 quidquid
1099 2547 1184 2609 Rico-

58 2656 71 2683 ·
124 2632 246 2693 diorum
261 2630 593 2711 virorum,feminarum
609 2637 661 2703 est,
672 2649 736 2689 cerm
751 2629 830 2689 omni
839 2630 969 2709 pecunia
980 2640 1084 2693 nostra
1094 2653 1184 2694 riavcs

123 2716 348 2778 conscendemus
353 2749 364 2784 ,·
389 2736 435 2789 ac,
451 2707 562 2776 relictis
579 2713 739 2795 peccatibus
751 2714 885 2795 publicis
901 2717 1101 2798 privatisque,
1116 2718 1182 2791 Ro-

124 2821 203 2862 mam
229 2800 391 2862 veniemus:
414 2809 454 2875 et,
480 2800 567 2860 omni
585 2820 661 2860 utero
686 2807 715 2860 et
737 2808 874 2881 argento,
895 2802 1044 2882 quidquid
1057 2801 1182 2881 publici,

125 2884 275 2967 quidquid
284 2884 402 2963 privati
423 2893 477 2958 est,
494 2886 527 2944 in
540 2884 667 2950 comitio.
683 2884 714 2943 in
735 2884 881 2945 uestibulo
895 2887 988 2946 curiec
1000 2896 1116 2959 vestra,
1134 2908 1184 2946 cu-

123 2971 251 3043 mulato,
267 2978 515 3051 corporanostra
537 2967 748 3049 corp'ugumqne
770 2989 807 3028 ac
826 2968 977 3030 liberorum
998 2980 1101 3031 vestre
1113 2979 1185 3050 pot-

127 3053 218 3117 estati
239 3054 455 3132 permittemus,
478 3052 526 3112 tric
541 3054 677 3131 passini,
702 3054 901 3133 quodcumque
922 3053 1097 3131 patiendum
1117 3054 1186 3115 erit.

120 3137 293 3221 proculab
322 3138 416 3198 oculis
444 3137 554 3197 nostris
573 3136 644 3196 urbs
671 3145 778 3196 nostra
797 3137 971 3215 diripiatur,
1000 3139 1187 3200 incendatur.

18 3232 27 3261 s
52 3222 62 3246 ⁰
1013 3216 1017 3229 ’

162 3298 221 3344 ist
241 3298 300 3343 nnn
309 3297 405 3361 feccrit]
426 3297 503 3344 Vetus
521 3299 643 3356 exemplar
674 3296 744 3343 iamsi
766 3300 876 3353 severior,
896 3299 977 3346 durior
999 3301 1037 3353 sit,
1060 3301 1126 3347 dubia
1147 3306 1187 3347 cst.

126 3362 223 3413 babuit,
235 3368 296 3406 toste
307 3364 435 3413 Gronovio‚
447 3367 472 3406 ut
488 3361 644 3421 cinitsiiscce·
676 3360 700 3405 Si
712 3362 774 3419 quis,
787 3364 907 3421 inquiunt,
918 3364 1020 3421 benigne
1031 3367 1061 3409 de
1073 3366 1140 3410 nobis
1149 3362 1189 3426 ju·

128 3426 172 3470 rit·
203 3425 351 3470 Deleverunt
370 3425 396 3470 ei
414 3429 440 3469 st
458 3424 568 3477 editores,
590 3430 643 3467 tsn-
675 3424 755 3469 dicore
770 3427 850 3479 veliet,
867 3427 939 3471 etism
956 3426 980 3470 in
999 3428 1059 3473 bello
1074 3430 1189 3475 adversus

129 3498 206 3548 quam
233 3501 416 3545 supervacuum.
449 3491 483 3533 At
510 3488 645 3533 Gronovius
678 3486 764 3532 Perseo
783 3502 825 3532 nos
840 3490 920 3547 atiquo
937 3489 962 3534 in
981 3497 1047 3548 psrtc
1064 3492 1190 3538 socialibus

75 3556 79 3565 '
129 3551 206 3597 etism
222 3550 343 3608 scripsisse
355 3553 451 3596 Livium
462 3553 545 3602 credit.
557 3556 583 3595 nt
595 3550 645 3593 icet
677 3550 760 3595 officiis
772 3565 818 3595 non
830 3553 932 3598 defuisse
946 3553 1101 3607 existimaret,
1113 3568 1190 3614 quum

131 3613 290 3673 uindfeccrit.
312 3612 368 3660 Vid.
376 3616 470 3674 supral.
481 3612 644 3659 xx11.c.11.
679 3621 785 3657 nostram
796 3615 910 3659 Romanis
921 3630 1016 3675 operam
1033 3618 1102 3663 initio
1117 3614 1191 3677 hujus

129 3676 389 3724 auxxxvms
678 3676 734 3720 beiti
746 3677 845 3736 polliciti
855 3680 978 3727 fuerimus.
1001 3681 1076 3727 Sedsi
1086 3680 1191 3727 severius

166 3740 332 3799 astuteque
346 3740 453 3803 nietam]
471 3742 541 3801 Legit
553 3741 647 3787 Perizo-
679 3752 706 3784 sc
723 3741 819 3799 gnavius
835 3756 887 3788 rem
906 3745 1025 3790 oestimarc
1043 3744 1113 3796 veiit3
1131 3740 1190 3784 nihil

130 3803 283 3859 piusctioc
293 3806 346 3862 quia
356 3805 459 3851 sciebant.
679 3804 783 3862 amptius
802 3806 878 3852 facere
900 3809 995 3866 poterit,
1017 3819 1090 3865 quam
1112 3811 1140 3847 ut
1161 3803 1191 3847 de

167 3865 275 3919 3me
297 3866 367 3928 qnod]
397 3868 461 3927 Lege
486 3880 553 3927 queam
572 3869 648 3926 prosit
680 3877 762 3912 nostra
786 3882 842 3927 erga
872 3871 993 3915 Romanos
1019 3870 1064 3913 fide
1090 3865 1190 3910 dubitet.

681 3929 761 3977 Dubia
771 3934 815 3978 erit
829 3930 881 3992 ejus
897 3932 1030 3978 sententia:
1049 3942 1096 3972 non
1114 3928 1192 3971 obsol-

169 3992 185 4037 4
204 3992 256 4038 Una
277 3992 344 4038 dnbio
370 3995 412 4044 est,
435 3995 460 4036 ut
484 3993 581 4052 pmoior
604 3990 647 4056 cit]
680 4001 720 4038 vet
732 4008 775 4039 nos
785 3998 892 4055 quidem,
904 3997 1000 4040 sed-nec
1011 3990 1142 4037 damnabit.

134 4054 211 4101 Hunc
221 4057 301 4101 iocum
313 4057 394 4123 mendi
407 4055 485 4115 arguit
502 4056 646 4103 Gronovius:
713 4057 728 4103 5
745 4058 819 4121 'tuq
828 4058 962 4116 Phiiippus,
971 4055 1113 4107 Antiochus,
1123 4063 1193 4114 atque

133 4119 325 4164 necimmerito
361 4120 413 4166 Una
430 4120 556 4171 sententia,
570 4120 648 4179 inqui·
681 4122 754 4166 etiam
769 4122 877 4171 Perseus.

132 4181 295 4234 unclihodii,
312 4187 339 4227 ut
350 4185 448 4243 [Μυῖαν
462 4184 502 4238 cit,
516 4183 541 4228 id
556 4190 601 4236 ost,
615 4190 649 4228 et·

18 4296 31 4321 ,
177 4262 248 4305 vos..
265 4263 308 4306 ιν.
734 4267 755 4309 0

18 4394 31 4433 D
