2942 4750
227 220 232 229 ’
280 247 318 303 rs
557 208 563 221 ’
651 240 761 325 rm
794 236 931 301 n1v11

121 419 257 470 notra
327 405 439 473 XVII.
465 405 507 472 Et
528 399 581 472 n.
606 404 814 489 Sempronius
835 405 947 470 eodem
973 406 1174 493 temporalo
1202 405 1351 474 Sardinia

120 483 258 598 ml
283 494 391 560 multis
406 491 551 559 secundis
564 489 684 577 proeliis
700 491 818 556 Sardos
837 493 1031 577 perdomuit.
1054 494 1234 579 quindecim
1250 493 1352 559 millia

121 622 213 676 pm„
284 580 423 645 hostium
441 591 514 641 aunt
527 599 617 642 caesa.
641 579 761 641 Omnes
772 578 946 644 Sardorum
962 580 1082 664 populi,
1093 580 1351 666 quidesecerant,

283 667 318 732 in
337 667 492 732 ditionem
513 664 643 727 redacti.
664 663 876 749 stipendiariis
897 662 1053 730 veteribus
1074 666 1196 751 duplex
1216 666 1296 732 vecti

283 754 483 838 imperatum,
500 762 645 814 exactum
671 772 724 814 ue:
740 753 835 816 ceteri
844 751 1037 816 frumentum
1053 753 1267 817 contulerunt.
1316 773 1351 815 a·

283 850 352 903 cata
365 836 540 922 provincia,
555 836 655 900 absidi
682 860 780 924 usque
801 860 842 900 ex
864 849 931 902 tota
946 838 1047 902 insula
1060 838 1206 903 ducentis
1219 837 1353 926 triginta

218 992 229 1003 ‚
282 925 430 1004 acceptis,
447 924 542 1006 legari
560 922 706 999 Romam,
719 925 775 1010 qui
790 946 827 987 ea
841 925 1038 1001 nunciarent,
1052 925 1155 999 missi;
1178 922 1349 1011 qniquesb

282 1024 393 1074 senatu
408 1023 561 1094 peterent,
577 1025 613 1073 nt
623 1010 665 1072 ob
674 1033 726 1074 eas
737 1032 795 1087 res,
808 1009 907 1074 ductu
919 1012 1036 1096 auspici
1083 1033 1122 1075 ue
1133 1010 1185 1074 Ti.
1198 1012 1350 1094 Sempro-

281 1097 328 1160 nii
342 1118 494 1181 prospere
507 1111 622 1184 gestas,
636 1096 708 1161 Diis
724 1095 943 1160 inmortalibus
957 1097 1060 1160 honos
1099 1098 1257 1173 aberetur,
1273 1096 1350 1179 ipsi·

305 1204 345 1247 ue
356 1182 518 1247 decedenti
532 1182 928 1267 ‹leprovincisexercitum
939 1206 1046 1248 secum
1055 1182 1348 1268 deportareliceret'.

282 1202 428 1345 genatns,
446 1270 476 1331 in
493 1268 563 1332 aede
577 1268 736 1354 Apollinis
747 1267 922 1355 legatorum
935 1269 1039 1334 verbis
1049 1268 1177 1346 auditis,
1190 1263 1348 1353 supplica·
1405 1267 1422 1290 ⁸

279 1354 401 1419 tionem
417 1355 449 1418 in
466 1355 596 1419 biduum
613 1355 763 1434 decrevit,
779 1368 810 1418 et
824 1355 1035 1443 quadraginta
1048 1354 1222 1441 majoribus
1239 1353 1348 1417 hostiis

177 1440 182 1449 ’
281 1441 425 1506 consules
435 1441 610 1506 sacrificare
619 1443 729 1528 jussit:
753 1440 805 1505 Ti.
823 1442 1046 1526 Sempronium
1058 1439 1280 1526 proconsulem
1291 1460 1346 1503 ex·

280 1529 477 1615 ercitumqne
498 1551 537 1591 eo
558 1550 643 1592 anno
666 1530 698 1590 in
720 1527 884 1612 provincia
905 1550 1042 1593 manere.
1093 1528 1232 1592 Comitis
1256 1525 1346 1590 dein·

276 1612 321 1678 de
342 1617 480 1679 consulis
503 1614 596 1679 unius
619 1613 825 1699 subrogandi,
840 1615 946 1699 ⁷⁰quae
964 1615 997 1678 in
1019 1614 1195 1678 antediem
1215 1612 1345 1676 tertium

280 1700 391 1764 Nonas
407 1700 544 1766 Sextiles
558 1700 662 1765 edicta
676 1714 774 1776 erant,
791 1723 830 1764 eo
851 1700 921 1785 ipso
942 1700 994 1764 die
1015 1715 1090 1763 sunt
1111 1698 1264 1763 confecta.
1302 1697 1345 1772 Q.

116 1802 262 1850 munro-
281 1786 425 1851 Petillius
447 1786 558 1851 consul
579 1787 745 1870 collegam,
786 1787 815 1850 ni
838 1787 999 1871 extemplo
1021 1786 1240 1872 magistratum
1262 1784 1346 1847 occi·

115 1873 194 1928 Μ*
277 1888 377 1957 peret,
394 1876 512 1939 creavit
527 1874 565 1938 C.
582 1873 744 1937 Valerium
761 1809 940 1936 lavinum.
974 1876 994 1908 ⁷¹
1005 1872 1047 1948 Is,
1059 1873 1127 1956 jam
1141 1872 1196 1934 diu
1210 1869 1345 1955 cupidus

276 1960 461 2041 provinciae,
488 1982 586 2044 quum
610 1973 801 2107 opportunae
823 1955 989 2044 cupiditati
1010 1957 1076 2042 ejus
1106 1957 1206 2020 literar
1231 1955 1346 2023 adlata

276 2055 388 2119 essent,
407 2044 542 2131 Ligures
558 2047 632 2108 rebe
646 2046 734 2120 lasse,
749 2044 851 2106 Nonis
865 2042 1039 2108 Sextilibus
1053 2046 1075 2078 ⁷³
1087 2042 1264 2124 paludatus,
1275 2041 1345 2106 lite·

276 2128 320 2192 ris
331 2128 457 2205 auditis,
470 2133 626 2193 tumultus
638 2131 705 2213 ejus
717 2128 993 2215 massalegionem
1006 2128 1130 2193 tertiam
1142 2127 1182 2191 ad
1196 2128 1234 2190 C.
1248 2127 1346 2191 Clau-

273 2214 365 2280 dium
388 2219 611 2302 proconsulem
631 2216 663 2278 in
681 2213 819 2278 Galliam
835 2214 992 2298 proficisci
1009 2215 1122 2299 jussit3
1145 2223 1177 2275 et
1197 2211 1344 2276 duumvi-

275 2323 329 2366 ros
344 2303 469 2366 navales
483 2324 555 2365 curn
571 2300 670 2365 classe
686 2301 771 2364 Pisas
786 2300 842 2382 ire,
857 2301 912 2387 qui
928 2300 1086 2387 Ligurum
1106 2320 1205 2378 oram,
1223 2297 1345 2361 mariti·

274 2410 363 2454 mum
380 2412 508 2477 quoque
521 2402 674 2454 terrorem
690 2387 904 2464 admoventes,
921 2388 1254 2451 circumvectarentur.
1280 2384 1344 2449 Eo·

272 2475 347 2541 d'em
364 2490 396 2541 et
411 2476 454 2553 Q.
472 2475 617 2540 Petillios
637 2473 749 2536 consul
764 2473 805 2536 ad
819 2474 1070 2536 conveniendum
1093 2473 1244 2536 exercitui
1259 2471 1343 2534 diem

274 2562 427 2625 edixerat.
471 2562 516 2622 Et
539 2562 577 2622 C.
594 2559 751 2623 Claudius
771 2555 954 2641 proconsul,
970 2559 1079 2622 audita
1100 2556 1272 2622 rebellione
1287 2555 1345 2619 Li-

273 2665 401 2745 gurum,
419 2656 535 2727 praeter
550 2663 601 2705 eas
616 2643 734 2725 copias,
750 2662 829 2725 quas
843 2663 949 2706 secum
966 2642 1342 2720 pomeranensem

278 2742 378 2794 rtarns
405 2727 555 2793 conlectis
578 2727 741 2807 militibus,
757 2728 931 2792 exercitum
954 2729 995 2794 ad
1010 2727 1090 2793 fines
1106 2727 1264 2815 Ligurum
1288 2726 1346 2790 ad-
1452 2721 1455 2728 .

77 2902 199 2972 *neura
211 2923 252 2971 Lt-
279 2828 447 2966 m‘lglllli.
468 2897 589 2963 Hostes
609 2897 669 2961 sub
692 2897 863 2962 adventum
880 2900 920 2966 C.
938 2901 1076 2979 Claudii,
1093 2925 1112 2966 a
1127 2922 1191 2986 quo
1211 2898 1292 2965 duce
1311 2921 1345 2964 se

111 2990 267 3052 efflam-
276 2987 484 3053 meminerant
500 3007 603 3070 nuper
615 2984 656 3052 ad
672 2984 879 3050 Scultennam
892 2986 1012 3051 flumen
1031 2991 1131 3052 victos
1143 2985 1340 3074 fugatosque,

275 3151 341 3211 quod
356 3148 466 3202 mmmm,
488 3145 565 3207 quu'rn
588 3160 645 3207 eger
666 3147 707 3193 ille
729 3149 793 3194 bello
824 3161 877 3194 esse
889 3150 1026 3208 pmrindoe.

275 3219 361 3272 captus
372 3212 457 3258 multis
468 3212 576 3258 millibus
592 3212 721 3258 hominum
731 3212 793 3258 divi·
857 3213 888 3260 72
905 3213 953 3258 Pal
1009 3229 1045 3268 ur,
1063 3214 1148 3259 littam
1164 3209 1262 3273 caditis]
1281 3211 1343 3259 Haec

274 3278 301 3324 di
312 3277 403 3322 auium
415 3289 484 3335 posse
494 3276 595 3322 dicatur.
826 3276 938 3322 videntur
953 3291 984 3323 na
1023 3278 1052 3331 ri,
1066 3285 1183 3338 tauquam
1198 3281 1345 3334 argumenta

286 3339 288 3346 ⁴
307 3339 415 3395 7001«oe
432 3340 458 3384 ln
476 3344 529 3386 cate
548 3338 620 3401 diem]
647 3338 744 3387 Vocula
765 3341 792 3385 ts
823 3340 888 3386 illius
904 3342 1051 3399 cupiditatis,
1063 3355 1137 3401 quam
1148 3342 1173 3386 in
1184 3339 1283 3385 consule
1300 3353 1345 3385 no.

274 3405 343 3452 abest
368 3417 384 3450 a
408 3404 578 3450 vetustioribus
605 3403 683 3450 editis.
728 3403 793 3451 Eam
824 3405 988 3451 tavitLivius.
1026 3405 1064 3451 Ex
1082 3412 1133 3451 tota
1150 3405 1216 3451 eninr
1235 3404 1344 3463 superio-

275 3468 384 3530 quisquis
400 3469 515 3528 reposuit,
534 3482 584 3515 non
599 3469 651 3515 slne
668 3482 742 3516 eausa
757 3468 792 3514 se·
824 3481 880 3515 rum
896 3477 1034 3530 temporum
1051 3470 1152 3516 historia
1166 3468 1248 3528 eolligl
1263 3474 1343 3528 potest

274 3533 316 3580 elt-
553 3585 557 3592 ,
823 3534 934 3579 eonsules
945 3547 994 3580 noa
1009 3540 1066 3580 ante
1082 3535 1255 3594 paludamenta
1265 3534 1291 3578 in
1303 3547 1344 3579 ur·

307 3596 337 3645 tl
354 3595 479 3656 Iajamdta
490 3596 586 3657 rapidas
596 3597 735 3662 prmtacloe]
748 3596 792 3643 Or·
824 3598 854 3643 be
864 3598 1004 3657 sumpsisse,
1012 3611 1087 3657 quarn
1095 3599 1126 3644 ad
1134 3598 1225 3644 bellum
1237 3597 1344 3656 proncis-

274 3661 793 3709 doetstnreturaverbommdeelmtbaec
824 3669 943 3708 serentur.
976 3662 1195 3722 Athiealiquanto
1211 3669 1343 3720 antequam

274 3725 377 3785 intelllgi
389 3726 419 3770 de
430 3724 529 3771 Valerio
544 3727 656 3772 consuler
674 3727 740 3785 quod
753 3725 793 3771 itl-
824 3732 895 3771 exeat
909 3726 935 3771 ln
950 3726 1109 3785 provinciam,
1127 3725 1271 3786 paludatum
1289 3737 1342 3770 sese

274 3790 331 3836 dem
342 3789 545 3850 probantesque
556 3795 705 3851 sequunturr
717 3789 794 3836 eodem
825 3795 939 3843 ostentat,
951 3791 1080 3848 paludatus
1090 3792 1158 3836 audit
1168 3790 1270 3842 litteras,
1282 3801 1344 3848 quas

273 3855 296 3899 rt
319 3851 347 3908 Q.
371 3852 482 3898 Perllttnr
502 3854 580 3900 comat
605 3854 636 3899 ad
662 3853 794 3899 manea·
825 3853 943 3899 nimirum
958 3854 997 3898 vel
1013 3855 1038 3898 in
1052 3855 1176 3906 concione,
1188 3853 1226 3897 vel
1237 3853 1263 3897 in
1274 3865 1345 3899 sena·

273 3916 330 3964 dam
345 3917 457 3965 nanas
472 3916 653 3963 demedterrot.
689 3919 792 3973 atquo-
823 3922 851 3961 tu
868 3917 963 3962 recitari
978 3913 1092 3978 jument.
1131 3918 1192 3964 Haec
1211 3916 1296 3962 omnia
1312 3930 1342 3963 eo

208 4035 214 4046 ¹
273 3983 347 4028 modo
368 3981 478 4027 novellus
497 3981 540 4026 ille
556 3981 655 4033 eonsul,
677 3986 734 4025 ante
757 3979 792 4024 bi·
822 3981 973 4038 spectabant,
985 3977 1076 4026 utrem
1093 3982 1119 4026 in
1136 3978 1216 4044 majus
1231 3987 1341 4041 augeret,

273 4045 351 4092 durnn
366 4050 471 4099 mutus,
483 4051 563 4104 potest
576 4044 624 4089 diei
639 4039 737 4103 jamdiu
752 4056 794 4089 crs·
825 4056 862 4097 ac,
872 4046 1080 4103 quemadmodum
1094 4045 1119 4088 in
1136 4045 1246 4092 tumultu
1257 4045 1343 4091 civita·

272 4108 345 4166 lidus
352 4109 503 4169 mundar
538 4107 592 4154 Nisi
603 4107 706 4159 siiorte,
715 4119 793 4166 quum
826 4113 875 4152 tem
892 4122 951 4168 saga
971 4122 1067 4155 numere
1085 4121 1139 4153 mos
1158 4116 1218 4162 erat,
1235 4110 1270 4155 sic
1291 4110 1345 4169 ipae

273 4181 303 4215 eo
312 4171 366 4216 loeo
376 4179 448 4218 natus
458 4177 530 4226 esset,
541 4184 582 4217 eos
592 4171 695 4216 honores
706 4171 793 4228 gessis-
824 4173 907 4218 consul
924 4187 1000 4232 quum
1016 4173 1145 4232 paludatus
1156 4173 1183 4219 ln
1193 4174 1253 4219 urbe
1263 4186 1345 4218 versa·

273 4238 319 4287 set,
331 4239 359 4278 ut
370 4235 506 4298 sibilpoaaet
521 4247 595 4295 prope
606 4239 672 4282 certa
682 4245 724 4292 apa
734 4246 791 4279 eon·
824 4240 899 4290 retur,
921 4237 1085 4296 impendentis
1110 4234 1213 4299 alicujus
1239 4237 1342 4297 periculi

273 4296 381 4343 rubrum
391 4297 729 4359 despoaamigntnoaverat
735 4291 790 4357 jam
822 4299 927 4358 spectem
938 4301 1057 4361 ingereret
1067 4300 1163 4346 animis.

272 4363 405 4424 mteqbam
426 4364 511 4409 conara
533 4363 609 4417 daret,
625 4373 652 4408 re
672 4360 790 4434 mp'dum
933 4405 938 4416 ,
