2942 4750
407 181 499 244 nm.
517 181 634 245 aaran.
665 181 763 245 cnr.
783 180 850 245 xv,
890 155 892 161 ‘
1113 189 1170 246 ros

112 343 235 410 donicis
258 343 446 428 legionibus,
477 346 601 410 incertis
630 346 858 410 commeatibus
880 363 938 426 per
965 342 1168 408 ambitionem
1179 361 1244 408 uc.
1257 361 1312 409 aaa
1387 413 1390 418 4

112 430 339 511 imperatorum
354 432 395 495 ab
416 432 555 495 exercitu
578 430 697 508 abasse,
713 432 880 495 edixemnt
894 428 935 492 de
953 427 1114 506 militibus,
1132 428 1208 496 P&
1219 424 1245 472 ὓ
1258 423 1315 473 ¹⁶⁹·

114 514 216 594 AElio,
239 516 278 578 C.
296 515 431 600 Popillio
445 516 635 594 consulibus,
650 532 759 599 postve
778 537 832 580 eos
853 514 999 578 consules
1014 511 1046 575 in
1063 513 1171 577 Mace-

114 598 242 662 doniam
257 601 390 682 scriptis,
412 599 462 676 Ut,
479 604 532 684 qai
543 621 641 663 eorum
657 603 689 663 in
702 602 800 665 Italia
821 609 925 678 essent,
939 600 1023 662 intra
1039 600 1102 662 dies
1116 601 1173 662 tri-

110 686 213 766 ginta,
229 689 310 748 censi
319 689 410 767 prius
421 689 505 768 apud
516 707 589 764 sese,
601 687 634 746 in
647 686 828 765 promacinm
841 686 981 748 redirent.
1006 685 1103 766 quiin
1114 704 1175 764 pu-

117 770 184 830 trr‘s'
197 779 252 830 cat
273 772 323 832 ari
337 781 486 852 potestate
507 779 608 845 essenzt,
625 791 728 832 eornm
749 771 869 831 nomina
891 771 935 830 ad
952 791 984 831 ee
1005 771 1173 832 ederentur.

113 853 280 916 Miasorum
296 876 412 937 qaoque
425 876 544 917 caussas
558 875 620 916 sese
630 856 894 936 cogniturosesse:
916 863 955 927 et,
967 873 1090 935 quonam
1101 863 1175 916 ante

12 941 13 1016 l
114 940 240 1000 emerita
254 942 409 1020 dependis
424 942 444 973 ⁷⁰
452 941 593 1022 gratiosa
607 940 710 1000 missio
726 938 786 1001 sibi
805 938 869 1000 nisa
891 948 974 1013 esset,
996 959 1044 1000 eoa
1064 938 1175 1002 milites

12 1023 13 1048 ¹
101 1021 344 1104 fierijussaros.
390 1023 465 1086 Hoc
486 1023 590 1086 edicto
612 1023 771 1106 literisque
793 1043 957 1084 censorum
981 1019 1120 1104 perfora
1141 1031 1174 1084 et

115 1105 324 1171 conciliabula
352 1106 495 1182 dimissis,
527 1117 615 1170 tanta
642 1106 814 1170 multitudo
837 1107 1002 1190 juniorum
1034 1106 1171 1170 Romam

116 1193 272 1265 convenit,
288 1204 324 1254 nt
337 1192 440 1276 gravis
457 1191 529 1254 urbi
544 1194 636 1255 turba
647 1193 771 1256 insolita
785 1204 872 1254 esset.

159 1275 237 1341 XV.
269 1276 391 1339 Praeter
420 1276 575 1340 delectum
602 1298 722 1355 eorum,
748 1298 828 1361 quos
857 1275 891 1336 in
919 1275 1172 1359 supplementum

117 1360 200 1424 mitti
215 1360 390 1443 oportebat,
406 1374 542 1445 quatuor
564 1384 582 1423 a
605 1361 646 1425 C.
662 1361 805 1443 Sulpicio
825 1358 962 1441 pretore
983 1360 1107 1442 scripta:
1129 1360 1173 1423 lo·

141 1444 226 1508 'ones
250 1458 332 1518 sunt,
356 1446 500 1529 intraque
520 1445 668 1508 undecim
690 1445 758 1508 dies
778 1443 916 1508 delectus
938 1455 986 1508 est
1009 1444 1173 1526 perfectus.

115 1467 274 1606 gonsules
288 1530 400 1594 deinde
414 1530 515 1593 sortiti
526 1529 703 1613 provincias
718 1541 803 1592 sunt.
827 1549 900 1593 nam
917 1538 1318 1614 pretoresproorrovrnaq-

117 1613 427 1697 terjnrisdictionem
449 1614 602 1678 maturius
624 1614 725 1676 sortiti
744 1629 844 1677 erant.
889 1613 1026 1679 Urbana
1046 1614 1083 1676 C.
1102 1607 1318 1711 Sul-amm

116 1698 213 1781 picio‚
228 1719 303 1781 pere
326 1699 397 1762 rina
412 1699 452 1763 C.
468 1699 614 1762 Decimio
628 1697 794 1784 obtigerat,
807 1699 995 1785 Hispaniam
1013 1698 1065 1762 M.
1079 1697 1176 1760 Clau·

115 1781 190 1844 dius
201 1721 385 1863 Marcellus,
398 1782 534 1847 Siciliam
552 1784 620 1848 Ser.
635 1783 801 1847 Cornelius
812 1783 980 1859 Lentulus,
998 1779 1177 1848 Sardiniam

58 1899 60 1907 ·
119 1866 164 1930 Ρ.
181 1867 331 1932 Fonteius
353 1869 478 1952 Capito,
494 1869 621 1933 classem
645 1869 683 1932 C.
698 1869 840 1934 Marcius
858 1867 990 1950 Figulus
1004 1879 1071 1930 erat
1086 1865 1177 1929 sorti·

115 1965 181 2015 tus.
225 1952 402 2017 Consulum
426 1953 487 2017 Cn.
508 1955 640 2018 Servilio
661 1953 762 2034 ltalia,
778 1953 821 2029 Q.
845 1953 971 2017 Marcio
987 1951 1178 2018 Macedonia

114 2035 258 2102 obvenit.
303 2038 486 2124 Latinisque
507 2039 593 2115 actis,
610 2040 752 2102 Marcius
774 2041 932 2123 extemplo
946 2053 994 2104 est
1007 2036 1175 2123 profectus.

116 2120 276 2204 Caepione
290 2123 403 2188 deinde
424 2124 577 2187 referente
591 2124 631 2187 ad
647 2137 801 2199 senatum,
816 2146 894 2210 quas
915 2147 954 2188 ex
974 2124 1064 2188 novis
1077 2123 1176 2208 legio-

111 2206 214 2270 nibus
236 2205 314 2270 duas
343 2207 372 2270 le
394 2210 482 2271 iones
506 2230 612 2270 secum
634 2207 667 2270 in
691 2208 829 2271 Galliam
852 2210 989 2285 duceret,
1012 2208 1178 2271 decrevero

22 2365 25 2369 Α
115 2290 246 2365 Patres,
270 2305 305 2353 ut
326 2232 547 2374 Cirdpicius,
564 2291 615 2354 M.
631 2290 785 2354 Claudius
804 2303 956 2373 praetores
969 2314 1009 2353 ex
1023 2292 1085 2365 bis,
1100 2313 1179 2374 quas

115 2374 331 2455 scripsissent,
364 2374 552 2459 legionibus,
583 2395 661 2455 quas
695 2372 867 2447 videretur,
903 2374 1025 2437 consuli
1059 2373 1180 2437 darent.

114 2461 143 2496 ⁷¹
157 2456 296 2542 Indigna
309 2456 471 2539 parientes
489 2470 663 2539 praetorum
679 2454 809 2516 arbitrio
822 2456 983 2517 consulem
997 2457 1181 2538 subjectum,

117 2541 258 2608 dimisso
279 2554 400 2619 senatu,
423 2542 463 2603 ad
484 2538 621 2603 tribunal
642 2550 816 2621 praetorum
838 2551 925 2602 stans
945 2538 1123 2622 postulavit,
1139 2560 1181 2603 ex

40 2694 48 2715 ⁸
117 2626 394 2692 senatusconsulto
415 2625 608 2688 destinarent
628 2622 686 2685 sibi
716 2622 794 2685 duas
814 2624 966 2711 legiones.
1001 2627 1182 2708 ⁷¹praetores

120 2712 245 2776 consuli
275 2712 307 2773 in
336 2710 482 2796 eligendo
505 2708 668 2772 arbitrium
691 2707 842 2772 fecerunt.
887 2709 1036 2773 Senatum
1066 2708 1299 2778 deindecenwa

119 2818 264 2862 censores
278 2799 443 2880 legerunt:
468 2794 519 2858 M.
534 2792 685 2857 AEmilius
706 2792 842 2875 lepidus
863 2794 1009 2880 princeps
1023 2794 1064 2859 ab
1079 2795 1179 2860 tertiis

115 2882 184 2968 jam
210 2880 390 2944 censoribus
411 2880 521 2943 lectus.
568 2879 695 2961 Septem
716 2900 735 2940 e
758 2892 867 2941 senatu
890 2880 978 2963 ejecti
1001 2895 1084 2942 sunt.
1138 2879 1176 2944 In

120 2988 218 3031 censu
240 2966 422 3049 accipiendo
447 2962 555 3048 populi
584 2963 700 3025 milites
722 2983 763 3024 ex
791 2962 1000 3026 Macedonico
1026 2965 1176 3041 exercitu,

122 3052 177 3134 qui
200 3073 293 3135 quam
314 3050 405 3113 multi
426 3049 571 3112 abessent
591 3046 631 3109 ab
653 3046 761 3132 signis,
784 3069 894 3110 census
915 3048 1035 3123 docuit,
1050 3048 1082 3110 in
1107 3067 1179 3129 pro·

122 3137 258 3198 vinciam
281 3134 455 3220 cogebant:
477 3136 629 3194 ”caussas
652 3130 835 3214 stipendiis¹
857 3133 1024 3195 missorum
1046 3151 1178 3216 cognos-

125 3220 258 3283 cebant:
282 3234 323 3295 et,
338 3220 426 3302 cujus
447 3215 589 3280 nondum
607 3216 692 3298 justa
706 3216 813 3302 missio
827 3217 894 3278 visa
913 3231 1002 3296 esset,
1017 3219 1061 3280 ita
1077 3217 1178 3300 jusju-

12 3289 43 3399 '·
122 3304 258 3368 randum
273 3303 458 3384 adigebant:
479 3307 500 3337 ²⁴
511 3303 564 3364 Ee
577 3300 625 3363 tui
646 3301 912 3378 astariacensis,
933 3312 968 3364 tu
981 3325 1018 3364 ee
1032 3303 1126 3366 edica
1143 3302 1176 3365 C.

126 3390 263 3464 aradii,
284 3387 336 3449 Ti.
358 3386 529 3469 Sernpronii
548 3406 697 3447 censorum
719 3387 753 3447 in
765 3387 949 3464 provinciam
966 3386 1179 3450 Macedoniam

125 3474 245 3550 reclinis,
261 3473 342 3557 quod
354 3471 419 3535 sinc
433 3472 501 3535 toto
514 3466 706 3555 malefacere
713 3473 860 3551 poteris?

297 3617 311 3657 ἦ
317 3615 407 3674 petieras
419 3615 486 3661 Creu.
616 3608 1009 3676 ‘commensuralitas

159 3746 340 3811 ⁷0⁸0ransa]
372 3748 463 3795 Gratiae
497 3749 554 3796 data
589 3759 637 3791 aon
670 3747 708 3789 tus
714 3745 796 3805 papali
800 3750 933 3806 murteam
942 3745 1009 3809 fecit.

120 3808 180 3874 juri.
703 3806 735 3853 73
752 3807 838 3855 Caum
851 3810 968 3869 armata
979 3806 1099 3870 [nondum
1116 3820 1180 3853 eme-

158 3874 187 3920 71
205 3873 307 3935 Indigna
322 3871 423 3935 patens]
440 3875 472 3919 Et
487 3876 533 3921 boe
549 3888 565 3920 a
579 3872 639 3918 Gro·
670 3870 737 3932 ritis]
752 3872 885 3934 mbmrarrr]
906 3874 944 3920 Sic
960 3875 1055 3920 videtur
1072 3872 1120 3928 legi
1138 3872 1180 3914 de·

127 3938 200 3982 acrio
218 3943 262 3981 ast.
296 3935 379 3997 Vulgo
396 3940 506 3997 putiau,
523 3952 578 3996 quoe
595 3950 641 3982 vox
672 3935 735 3981 bere.
774 3937 859 3996 Supra,
878 3950 898 3983 c.
919 3937 956 3982 14.
975 3942 997 3982 et
1015 3945 1110 3994 quornm
1128 3934 1180 3976 Νι

126 4002 239 4046 soloecam
250 4001 366 4046 efficiebat
378 4002 518 4046 orationem.
672 4000 766 4043 merita
786 4000 902 4061 stipendia
915 4001 1019 4059 penora
1040 3993 1117 4041 missio
1137 3992 1180 4039 elli

162 4063 193 4109 72
210 4062 326 4108 Praetores
347 4064 433 4109 ementi
449 4093 456 4107 .
472 4092 481 4107 .
496 4094 503 4107 .
520 4063 641 4109 arbitrium
673 4061 789 4108 maceret

119 4125 243 4186 secernat]
260 4125 325 4187 Lege
343 4127 451 4179 omnino,
468 4133 496 4171 ut
506 4127 639 4172 Gronovius
702 4124 735 4171 74
750 4125 791 4172 En
801 4127 836 4172 tut
851 4125 924 4171 astat
937 4115 1059 4178 assimila]
1076 4116 1141 4166 vae
1155 4129 1180 4168 et

123 4186 204 4250 jubet,
221 4189 326 4235 msera.
359 4190 398 4235 Sic
413 4189 479 4235 enim
498 4191 639 4250 amatloqui
671 4203 702 4236 ex
717 4189 799 4235 animo
814 4184 935 4246 promittis
950 4190 975 4229 te
990 4188 1035 4227 etc.
1063 4178 1119 4231 vid.
1131 4192 1180 4233 not.

127 4251 222 4299 livius.
250 4252 536 4314 snprstxanaa
569 4252 639 4300 Serra·
672 4245 962 4301 donatuli-058·
