2942 4750
452 145 517 208 nn
537 100 876 219 rounnnr'nus,
896 149 950 209 se.
1222 153 1253 207 a

201 307 264 374 Sed
279 329 343 375 non
358 309 401 375 ita
414 313 516 387 murlto
532 324 602 397 post
615 323 799 381 numurus
816 325 872 390 est,
888 324 921 377 et
934 309 1073 396 pretium
1087 310 1159 377 reris
1173 332 1248 377 auo

151 409 237 472 tum,
266 416 347 463 non⁴
361 407 424 461 tum
453 396 652 469 affluentibus
681 399 808 478 divitiis,
838 420 934 481 quam
967 408 1099 483 urgente
1128 399 1245 482 inopis.

146 476 248 543 Bello
261 482 346 548 enim
362 481 485 553 Punico
501 484 615 566 primo,
631 506 729 569 quum
745 485 895 565 impensis
912 482 1088 568 respublica
1104 505 1167 545 uon
1181 482 1245 547 suf·

147 561 272 642 ficeret,
289 566 467 635 institutum
484 582 518 634 ut
532 592 614 639 asses
628 570 819 637 sextantario
829 569 970 653 pondere
985 568 1164 644 ferirentur,
1178 591 1244 632 ma·
1253 589 1327 635 Asse·
1338 603 1391 636 sss.

67 656 77 674 ⁰
148 663 249 715 nante
263 650 433 719 levioribus
448 655 496 717 iris
510 654 629 721 assibus
642 655 753 721 eodem
770 655 881 737 pretio,
898 654 984 741 quod
998 653 1161 717 librnlibus
1179 653 1245 719 sue-
1253 654 1358 700 “⁰2³5-

149 747 213 798 rat.
257 739 385 801 Mutato
410 759 503 802 aereoe
530 752 665 803 monetas
697 741 849 824 pondere,
879 753 911 805 et
941 751 1061 804 mutata
1080 754 1156 817 nota
1187 751 1244 803 est.

150 818 241 887 Non
257 824 328 889 seris
344 837 412 889 tum
430 825 488 893 luit
502 847 543 888 ex
564 825 664 895 altera
684 842 776 909 pune
790 826 895 891 *lanus
920 829 1075 911 geminus,
1091 846 1132 888 ex
1145 823 1246 889 altera

22 976 42 997 ο
147 918 289 981 rostrum
314 910 414 975 navis:
439 908 470 972 in
496 910 612 979 triante
635 932 710 974 vero
732 926 764 974 et
784 913 969 996 quadrante,
993 911 1078 987 rutis,
1103 909 1186 975 unde
1211 921 1245 995 et

134 2895 200 2938 nos
221 2874 318 2941 fuisse
340 2890 449 2944 censet
474 2878 666 2953 Gronovius,
681 2891 778 2970 atque
802 2875 874 2946 ideo
899 2898 963 2954 pon
990 2875 1122 2959 reperiri
1147 2875 1233 2960 apud

146 994 244 1055 ratiti
256 994 416 1059 interdum
431 996 507 1061 uteri
522 1010 606 1072 sunt,
624 1010 701 1063 teste
718 997 822 1063 Festo.

196 1075 310 1143 Postea
324 1080 481 1146 Annibale
497 1093 640 1168 urgente,
652 1082 695 1157 Q.
709 1081 808 1147 Fabio
824 1080 971 1147 Maximo
984 1081 1148 1156 dictatore,
1159 1102 1244 1147 asses
1252 1100 1326 1144 asses
1336 1112 1380 1144 un.

142 1162 288 1231 unciales
302 1165 396 1233 facti:
418 1167 474 1231 sed
488 1179 610 1237 mutata
624 1181 672 1233 est
685 1190 796 1233 eorum
817 1169 857 1243 ad
879 1182 1046 1253 argentum
1062 1166 1241 1250 proportio;
1251 1162 1329 1209 Μ

145 1246 331 1336 placuitque
355 1252 520 1321 denarium
546 1254 682 1319 sedecim
708 1255 827 1317 assibus
848 1254 1033 1337 permutari,
1060 1252 1240 1339 quinarium

146 1336 281 1413 octonis,
309 1340 483 1411 sestertium
513 1339 684 1424 quaternis.
730 1339 897 1411 Postremo
926 1361 1007 1402 asses
1036 1336 1242 1402 semunciales
1250 1353 1396 1400 nummu.

138 1416 233 1497 *facti
248 1430 314 1506 qu'o
340 1439 491 1573 tenqpore,
508 1447 572 1510 quo
597 1423 717 1487 ferente
737 1427 849 1523 legem,
871 1424 1045 1488 incertum:
1069 1423 1128 1485 nisi
1154 1423 1241 1508 quod
1250 1416 1363 1465 ”mm

143 1502 279 1571 latorem
297 1509 372 1593 legis
417 1509 552 1591 spirium
576 1510 746 1585 vodtatum
769 1512 861 1581 tuisse
876 1523 1009 1587 constat,
1025 1530 1125 1594 quum
1141 1507 1241 1593 ipsam
1287 1582 1289 1587 ,

145 1588 250 1678 legem
268 1593 390 1659 Plinius
408 1594 566 1677 Papiriam
583 1593 727 1678 appellet
776 1595 838 1660 sed
853 1607 929 1659 tunc
945 1607 1052 1659 tamen
1063 1606 1182 1657 servata
1192 1604 1240 1658 est

142 1677 257 1743 eadem
273 1700 345 1763 quae
360 1703 379 1745 a
393 1678 478 1745 bello
499 1679 618 1744 Punico
636 1679 776 1747 arundo
798 1679 973 1745 invaluerat
995 1679 1110 1743 horum
1132 1676 1173 1741 ad
1189 1699 1240 1741 ar·
1259 1718 1261 1723 -

144 1776 278 1845 gentum
293 1763 385 1828 ratio.

190 1847 279 1913 Nota
292 1850 416 1933 argenti
429 1849 517 1916 fuere
531 1850 615 1941 biga
626 1851 903 1938 atquequudrigee,
917 1863 949 1914 et
964 1849 1035 1914 inde
1049 1847 1148 1935 bigati
1163 1870 1240 1935 qua·

145 1930 327 2084 sirr'gatique
340 1934 427 2004 dicti.

221 2040 315 2087 ureus
340 2043 490 2091 nummus
514 2035 589 2109 post
610 2045 729 2089 annum
755 2023 928 2088 secundum
954 2035 986 2086 et
1008 2021 1342 2103 sexagesimumsursu

146 2103 263 2169 Rornae
275 2127 443 2189 percussus
457 2122 515 2186 est,
529 2130 624 2193 quarn
640 2130 676 2171 ar
718 2122 818 2184 nteus,
837 2109 867 2171 id
883 2122 939 2185 est,
950 2107 1034 2170 bello
1051 2105 1175 2171 Punico
1189 2118 1401 2170 semm-

144 2188 262 2267 cando,
279 2191 319 2255 C.
336 2191 473 2257 Claudio
489 2191 629 2272 Nerone,
688 2241 697 2256 .
714 2191 808 2256 Livio
826 2192 868 2257 ll.
883 2190 1082 2271 consulibus:
1106 2202 1236 2276 tumque
1244 2170 1399 2294 {¹¹3⁰ss

143 2273 214 2339 auri
227 2278 467 2360 proportionem
481 2276 522 2341 ad
537 2291 702 2359 argentum
712 2276 957 2362 quindecuplam
972 2274 1066 2338 fuisse
1076 2296 1117 2339 ex
1131 2270 1297 2341 Plinionur
1307 2309 1369 2358 esp

143 2358 325 2448 colligitur:
347 2363 402 2430 sed
417 2363 503 2428 brevi
522 2361 657 2445 decupla
679 2354 790 2430 effecta
814 2374 863 2425 est
885 2384 925 2424 ex
951 2359 1126 2424 imitatione
1142 2359 1293 2428 Gra-²¹¹⁵

142 2469 265 2512 norum.
310 2448 448 2514 Decimo
462 2448 556 2513 tertio
578 2461 651 2533 post
671 2448 789 2515 bellum
812 2445 1034 2511 Annibalieum
1056 2444 1236 2512 confectum
1244 2465 1398 2511 Amison.

143 2553 228 2596 suno
237 2533 392 2616 jubentur
407 2534 509 2604 AEtoli
525 2555 584 2618 pro
598 2533 874 2618 denemargenteis
888 2553 988 2597 unum
997 2553 1128 2598 aureum
1140 2554 1235 2618 num»
1243 2535 1349 2604 gramm
1372 2585 1376 2596 .

143 2637 230 2682 mum
251 2619 409 2704 pendere,
426 2635 461 2684 u
478 2619 575 2688 nanu
599 2619 709 2688 nuru
731 2598 1375 2713 1.xxxvr11.s11.uv0,ng;·;„¹’32{¹3.

143 2703 258 2768 eunus
274 2705 433 2791 Polybius,
449 2707 632 2790 proderem
647 2707 769 2792 argenti
787 2707 879 2769 minis
895 2725 990 2768 unam
1005 2704 1075 2768 auri
1089 2704 1219 2768 minam.
1242 2720 1282 2778 pu
1293 2718 1381 2778 primo,

136 2843 138 2846 .
185 2790 329 2854 Aureum
344 2813 512 2858 nummum
528 2792 621 2856 unius
634 2792 769 2879 generis,
782 2792 876 2857 unius
889 2788 1001 2860 forma
1011 2788 1096 2888 apufll
1116 2781 1399 2906 Rene-33¹5?

143 2959 308 3045 scriptores
331 2964 418 3027 varia
438 2984 607 3029 aureorum
635 2963 867 3039 Romanorum,
892 2960 1160 3047 quemadmodmn
1181 2974 1395 3025 ar-nersever.

141 3058 338 3132 geutenreut,
355 3050 493 3123 nomina,
509 3049 585 3134 quia
605 3060 826 3132 argenteorum
849 3047 907 3110 tria
928 3068 1046 3132 genera
1060 3057 1159 3122 erant,
1177 3038 1281 3147 de-lffi
1295 3039 1376 3087 111.c.

141 3131 259 3208 nauus,
276 3132 450 3216 quinarius,
466 3133 624 3198 sestertius
631 3153 643 3208 r
664 3153 834 3202 aureorum
851 3153 962 3195 unum.

184 3216 285 3303 Cujus
309 3217 458 3302 ponderis
482 3238 598 3288 aureus
626 3237 776 3280 nummus
798 3216 903 3300 primo
929 3214 1043 3280 Βοωω
1066 3235 1232 3302 percussus

141 3299 244 3389 fiisrit,
260 3324 358 3387 qutun
380 3302 594 3389 quindeoupla
607 3306 676 3372 auri
698 3301 738 3368 sd
761 3314 927 3384 argentum
942 3303 1108 3384 proportio
1123 3301 1155 3362 in
1172 3322 1233 3366 usu

141 3400 216 3463 erat,
232 3408 297 3452 non
313 3390 497 3474 reperimus.
542 3389 606 3454 Sed
628 3387 706 3462 iilud
728 3385 890 3472 perbreve,
907 3401 943 3450 ut
964 3384 1060 3449 muto
1080 3385 1230 3464 diximus,

141 3471 339 3538 intervallum
364 3473 442 3540 fuit:
465 3486 538 3558 post
561 3473 647 3561 quod
663 3476 795 3556 placuit,
821 3471 923 3557 inquit
946 3470 1077 3549 Plinius,
1093 3474 1393 3558 qrsadra-xnnumnss

168 3557 175 3570 '
195 3568 227 3622 to
241 3579 388 3624 nummos
401 3562 523 3643 signari
537 3582 574 3624 er
588 3561 660 3626 ostri
675 3560 771 3627 libras.
818 3558 871 3622 Sic
885 3558 968 3622 euim
982 3559 1148 3644 legendnm
1165 3551 1334 3657 esrefffl
1344 3550 1376 3595 ¹¹·

163 3664 225 3717 uuo
242 3642 338 3708 Plinii
352 3645 458 3710 locum
480 3644 647 3721 credimus,
662 3657 747 3714 utet
766 3643 885 3714 habent
899 3643 1019 3730 aliquot
1035 3643 1137 3708 MSS.
1153 3655 1301 3721 testem,
1312 3675 1371 3724 ιω,

144 3726 191 3792 Cl.
208 3725 389 3808 Harduiuo,
405 3730 548 3815 quamvis
562 3731 629 3813 ipse
641 3729 735 3794 aliam
748 3728 915 3801 lectionem
927 3728 1027 3808 pingis
1034 3729 1227 3811 probauerit,

143 3814 220 3877 etin
241 3826 428 3880 contentum
450 3816 620 3882 admiserit.
664 3814 775 3890 Quum
799 3815 895 3901 igitur
917 3812 1128 3912 qualrag'nta
1141 3815 1230 3878 aurei

142 3919 180 3974 ex
192 3897 281 3964 libris
294 3901 398 3965 aureis
412 3901 622 3987 signarentur,
635 3901 661 3966 ai
676 3914 803 3964 centum
816 3899 937 3963 denarii
954 3896 984 3960 in
1002 3895 1113 3964 libram
1126 3897 1229 3982 impu·

142 3995 253 4063 tantur,
350 3986 412 4050 'tur
435 4007 565 4050 aureum
586 4007 754 4052 nummum
772 3984 871 4049 duiun
893 3982 1098 4053 denariorum
1112 3998 1144 4046 et
1158 3983 1229 4069 qui-

141 4071 218 4135 narii
231 4093 297 4157 pon
321 4094 357 4138 us
371 4094 521 4159 aequasse.
566 4073 674 4172 Atque
696 4072 757 4138 irae
778 4069 904 4156 quidem
927 4068 1067 4153 perbene
1081 4068 1229 4135 convenit

133 4175 210 4220 num
223 4172 378 4242 perpetua
390 4157 478 4224 aurei
491 4158 629 4223 Romam
638 4157 860 4233 estimatione,
872 4175 966 4241 quem
976 4166 1096 4219 veteres
1110 4176 1228 4244 magno
1235 4172 1332 4217 suren
1343 4168 1391 4217 no.

142 4260 290 4310 sontsnsu
304 4244 416 4332 uiginti
430 4245 570 4332 quinque
583 4242 721 4310 denariis
738 4253 895 4330 argentela
916 4239 1049 4316 vunan
1062 4253 1226 4308 lemtim·
1234 4246 1384 4346 3⁰3⁸&le

658 4338 715 4396 03
790 4427 794 4434 ι
989 4383 1000 4405 .
1234 4373 1285 4409 w,
