2942 4750
258 135 347 194 xcviii
654 128 972 190 niseumlo

304 296 394 362 Hinc
409 298 585 362 necessario
605 294 767 383 colligitur
781 292 930 382 congium
952 313 1100 380 capacem
1121 291 1218 359 faisse
1239 313 1359 360 novem
1399 306 1408 331 ⁹
1435 296 1444 320 ⁸

260 383 482 463 tantummodo
496 382 649 465 librarum
663 382 892 446 memoriarum
907 380 979 459 olei,
991 401 1065 467 quas
1079 377 1221 443 efficiunt
1234 393 1359 465 septern

131 544 137 553 ¹
164 524 167 529 ,
261 466 358 533 libras
372 482 404 533 et
418 491 475 533 sex
488 469 596 533 uncias
609 467 728 553 pondo.
774 469 883 535 Quum
891 487 968 552 ergo
982 465 1120 552 gravitas
1134 464 1283 546 specifica
1296 466 1360 530 olei

263 554 304 619 sit
318 555 361 633 ad,
372 556 557 639 gravitatem
573 553 749 638 specificam
761 551 838 627 vini,
851 562 887 614 ut
901 560 932 616 9.
949 550 990 613 ad
1006 560 1052 615 10.
1074 549 1216 634 sequitur
1230 552 1359 635 pondus

100 662 225 709 viniano
261 641 328 703 vini
342 643 457 728 congio
471 641 610 705 contenti
623 637 964 702 fuisseoctolibrarum
976 647 1009 698 et
1024 647 1162 720 quatuor
1176 637 1354 715 unciarum,
1396 697 1402 715 ,

98 726 256 850 {mm
265 727 329 789 aive
350 741 476 789 centum
493 729 657 791 unciarum
672 721 793 809 pondo,
808 744 872 786 non
888 732 1017 786 centum
1031 736 1063 786 et
1076 721 1200 807 viginti,
1213 734 1251 787 ut
1264 736 1357 788 autea

152 856 158 867 ·
264 811 420 875 creditum
435 811 545 873 fuerat.

101 867 240 972 affin„
308 897 458 971 Quonam
473 896 570 960 modo
585 895 682 982 igitur
696 916 756 959 con
782 896 829 959 ius
843 895 905 959 dici
923 905 1026 979 potest
1039 897 1136 959 decem
1144 898 1250 978 pondo
1264 893 1355 959 me?

102 983 249 1043 conglusdi·
265 982 399 1046 Necesse
421 995 470 1046 est
491 984 587 1058 enim,
606 994 640 1045 ut
661 980 736 1044 huic
757 917 868 1045 iormoe
890 980 1051 1066 loquendi,
1066 1002 1164 1067 quam
1180 980 1355 1046 indubitata
1410 1018 1415 1038 ·

102 1051 248 1157 ffissn
264 1068 460 1152 antiquitatis
476 1078 683 1130 monumenta
695 1078 859 1142 testantur,
875 1088 932 1131 sua
945 1078 1070 1129 constet
1084 1066 1207 1130 veritas.

104 1175 191 1232 modo.
310 1153 420 1217 Primo
437 1152 673 1216 observabimus
694 1170 753 1214 nec
779 1153 951 1215 mensurius
973 1151 1083 1215 decem
1105 1151 1211 1229 libras,
1227 1173 1288 1216 nec
1301 1152 1356 1218 de·

265 1261 334 1304 cem
348 1238 445 1302 libras
459 1238 568 1323 pondo
589 1237 655 1300 uini
676 1247 839 1300 contentas
860 1237 976 1320 congio
992 1236 1096 1300 fuisse.
1142 1239 1217 1300 Non
1230 1256 1355 1302 menso-

239 1372 245 1379 .
265 1326 327 1388 rias
341 1324 446 1386 decern
465 1324 568 1386 libras.
613 1322 697 1386 Nam
712 1321 809 1385 libras
823 1321 885 1386 olei
899 1323 1070 1385 mensurius
1083 1344 1197 1385 novem
1212 1322 1356 1408 capiebat

264 1409 406 1495 congius,
423 1422 458 1472 ut
472 1408 616 1472 vidimus.
661 1394 942 1494 Liquoresauteni
960 1409 1072 1471 mutati
1086 1429 1149 1472 non
1167 1420 1293 1472 mutant
1304 1431 1356 1473 va·

265 1495 305 1559 sis
320 1496 534 1578 capacitatem.
580 1497 655 1558 Non
669 1494 777 1557 decem
793 1493 889 1556 libras
908 1492 974 1555 vini
988 1493 1106 1575 pondo.
1144 1493 1271 1557 Etenim
1287 1517 1355 1580 sep·

265 1594 330 1645 tem
344 1581 407 1644 olei
422 1581 516 1644 libras
530 1581 637 1665 pondo
652 1601 725 1642 cum
736 1579 863 1642 semisse
874 1578 1062 1643 continebat
1100 1578 1188 1664 Ergo
1201 1592 1237 1644 ut
1246 1580 1356 1645 decem

266 1666 363 1731 libras
374 1660 484 1753 'pondo
500 1667 564 1729 vini
579 1666 762 1749 contineret,
777 1686 900 1728 necesse
913 1676 1003 1744 esset,
1017 1677 1054 1727 ut
1066 1665 1204 1751 gravitas
1214 1664 1278 1729 olei
1287 1688 1356 1751 spa·

265 1752 358 1818 cilico
372 1764 451 1817 esset
466 1751 506 1818 ad
521 1753 706 1839 gravitatem
723 1750 798 1826 vini,
814 1761 851 1814 ut
865 1760 896 1816 3.
911 1748 952 1813 ad
967 1759 997 1815 4.
1011 1750 1099 1836 quod
1113 1763 1222 1835 aperte
1242 1751 1355 1819 falsum

265 1852 326 1905 est.

309 1927 384 1990 Hoc
397 1950 474 2015 ergo
489 1951 582 1992 sensu
604 1929 769 1994 dicebatur
791 1928 933 2015 congius
945 1949 1012 1992 esse
1033 1926 1141 1992 decem
1157 1926 1222 1990 vini
1236 1926 1352 2011 pondo,

262 2010 352 2157 guod
373 2013 530 2158 eiusmodi
551 2014 676 2095 pondus
698 2016 762 2076 vini
783 2027 920 2097 caperet,
946 2014 1032 2100 quod
1053 2035 1112 2097 par
1129 2024 1209 2077 esset
1222 2012 1354 2097 ponderi

287 2115 373 2157 ecem
401 2095 541 2159 ibrarum
565 2098 628 2160 olei
646 2100 887 2163 mensoriarum.
932 2099 1033 2164 Libra
1055 2100 1117 2162 olei
1138 2097 1353 2162 mensoriacst

264 2180 428 2245 unciarum
444 2181 554 2266 pondo
568 2184 687 2249 decem.
732 2185 855 2250 Decem
869 2185 967 2272 igitur
987 2185 1078 2248 libras
1099 2184 1277 2260 memoriae,
1292 2182 1353 2245 sire

263 2278 392 2331 centum
408 2280 440 2331 et
454 2269 566 2355 viginti
581 2272 684 2333 unciae
699 2272 867 2335 mensoriae
882 2272 942 2334 olei
964 2282 1093 2357 aequant
1106 2282 1234 2334 centum
1251 2268 1352 2333 uncia

263 2351 393 2439 pondo:
418 2357 501 2442 quod
517 2356 618 2440 ipsum
635 2370 683 2422 est
697 2356 761 2420 vini
777 2380 836 2421 con
873 2355 1198 2441 ocontentipondus.
1245 2396 1248 2402 ·

103 2447 175 2496 naun
188 2449 257 2496 libra
309 2440 406 2504 Nunc
416 2441 482 2525 jam
496 2440 588 2505 facile
602 2454 649 2505 est
668 2443 823 2507 rationem
838 2380 937 2507 librae
962 2443 1118 2507 Romanas
1140 2442 1250 2528 pondo
1264 2441 1306 2507 ad
1320 2443 1354 2507 li·

103 2514 247 2624 hm„
259 2526 356 2590 'bram
374 2526 789 2615 Parisiensemcognoscere.
830 2529 973 2615 Congius
983 2539 1110 2592 centum
1125 2530 1235 2592 uncias
1248 2521 1353 2612 pondo

101 2590 258 2687 i⁰ram⁰1³srn⁸
267 2613 331 2675 vini
346 2613 538 2676 continebat.
584 2613 672 2677 Idem
684 2615 817 2702 congius
828 2636 910 2698 aqua
921 2614 1050 2696 fontana
1059 2614 1172 2698 plenus
1182 2613 1354 2700 diligentis·

102 2705 215 2751 alensem.
266 2698 344 2761 aime
358 2720 517 2782 appensus
532 2697 573 2761 ab
593 2699 766 2762 clarissimo
791 2701 939 2777 Auzuti0‚
954 2700 1098 2764 inventus
1123 2713 1171 2764 est
1184 2713 1311 2764 centum
1325 2713 1356 2764 et

264 2795 338 2846 octo
353 2783 461 2845 uncias
478 2784 669 2848 Parisienses
684 2785 768 2847 illius
790 2806 883 2869 aquae
897 2787 1059 2850 continere
1079 2807 1153 2849 cum
1174 2798 1304 2870 septem,
1322 2798 1355 2850 ut
1412 2852 1416 2858 ,

263 2879 388 2942 uocant,
401 2870 524 2954 grossia
537 2882 569 2930 et
581 2869 690 2953 granis
704 2881 777 2932 octo
792 2891 889 2954 supra
898 2871 1118 2959 quodraginta
1150 2872 1236 2936 ilinc
1249 2871 1355 2935 statim

263 2963 396 3040 apparet
410 2953 534 3015 unciam
552 2953 729 3018 Romanam
746 2956 924 3041 graviorem
938 2957 1035 3019 fuisse
1049 2959 1142 3022 uncia
1158 2956 1336 3021 Parisieosi.

308 3038 373 3103 Sed
388 3038 533 3103 observat
548 3039 631 3105 idem
646 3040 697 3103 vir
717 3040 922 3119 clarissimus,
938 3063 1031 3126 quem
1054 3044 1106 3108 hic
1127 3055 1290 3107 auctorem
1311 3065 1355 3107 se·

264 3125 403 3214 quimus,
420 3125 608 3203 babuimus,
624 3126 821 3212 aliquantum
844 3150 886 3192 ex
907 3127 963 3191 illo
983 3128 1126 3214 pondere
1142 3127 1230 3214 quod
1244 3128 1355 3213 depae·

263 3209 378 3280 uendit
397 3213 649 3280 accuratissimus
672 3214 828 3279 Auzutius
848 3213 1078 3278 detrahendum
1097 3236 1172 3290 esse,
1191 3227 1224 3276 ut
1245 3235 1355 3277 verum

261 3297 451 3363 inveniatur.
497 3298 637 3375 Etenim,
653 3299 679 3362 si
695 3321 744 3362 res
759 3302 797 3363 ad
812 3322 967 3365 summam
990 3300 1185 3388 diligentiam
1200 3298 1251 3362 exi
1276 3312 1354 3374 atur,

263 3392 296 3445 et
310 3385 412 3448 omnis
427 3405 510 3470 aqua
524 3386 633 3460 uinum
648 3385 789 3467 pondere
803 3398 941 3470 superat,
957 3397 990 3450 et
1002 3408 1086 3472 aqua
1106 3385 1236 3449 fnnmna
1251 3321 1356 3448 dumi·

260 3487 359 3531 neam
380 3489 516 3552 aquam:
540 3481 571 3531 et
596 3480 752 3552 praeterea
773 3473 904 3556 congius
928 3472 1137 3536 Farnesianus
1162 3469 1205 3534 ob
1225 3469 1356 3535 nimiam

263 3564 449 3616 vetustatem
474 3551 662 3637 quibusdam
687 3555 822 3619 sinuosis
843 3556 1047 3622 amfractibus
1069 3569 1247 3633 excavatus,
1263 3577 1355 3642 capa·

157 3705 166 3714 ,
256 3636 331 3704 nior
340 3638 409 3722 jam
420 3636 588 3724 alimento
602 3638 702 3704 iactus
716 3655 774 3717 est,
784 3664 884 3727 quam
898 3643 1046 3727 primitus
1058 3643 1169 3710 fuerat

309 3722 496 3800 Hae·omnes
520 3746 623 3790 causae
646 3725 680 3790 in
707 3748 806 3791 unum
831 3740 1042 3814 congruentes
1065 3752 1130 3794 non
1154 3730 1257 3793 levem
1282 3731 1354 3794 risoe

260 3821 339 3901 aunt
352 3809 606 3877 imminutionem
622 3812 791 3894 postulare.
835 3813 948 3900 ltaque
962 3813 1043 3879 libra
1059 3815 1215 3892 Romana,
1232 3812 1355 3900 quaesi

261 3895 344 3960 nihil
358 3894 574 3968 discederetur
590 3895 631 3960 ub
646 3898 784 3981 pondere
800 3901 992 3975 Auzutiano,
1006 3913 1086 3965 esset
1102 3904 1268 3966 unciarum
1286 3921 1354 3965 uos·

259 3985 384 4045 marum
399 3980 552 4045 tredecim
567 4002 639 4045 cnm
661 3983 767 4066 granis
789 3992 842 4048 48.
858 4008 878 4049 a
900 3986 1079 4050 doctissimo
1094 3986 1258 4053 Labarreo
1272 3983 1354 4051 aesfia·
1413 3975 1419 3990 '

260 4079 368 4134 matur
384 4066 484 4131 unciis
500 4065 730 4135 Pariaiensibus
751 4067 919 4134 duodecim
942 4082 1066 4134 tantum
1087 4094 1160 4137 cum
1183 4069 1351 4143 semuncia,

257 4147 327 4212 aive
337 4152 448 4233 grania
464 4159 539 4220 988,
553 4153 599 4216 ita
613 4166 648 4216 ut
665 4154 759 4218 uncia
774 4151 920 4219 Romana
934 4178 991 4239 par
1005 4154 1099 4221 fuerit
1112 4158 1218 4244 granis
1236 4167 1353 4220 nostra·

195 4239 201 4246 ’
258 4227 346 4294 tuus
357 4242 436 4299 600.
450 4257 524 4323 quos
547 4244 621 4304 576.
635 4237 762 4304 unciam
787 4252 960 4306 nostratem
978 4241 1127 4308 efficiunt
1172 4244 1281 4327 Atque
1295 4238 1352 4308 bac
