2942 4750
545 146 828 267 Pamnnrlo.
1163 206 1233 267 exili

49 350 58 367 '
97 406 100 411 -
128 362 337 451 turones,
354 365 400 432 ror
420 366 518 431 manau
540 368 723 454 tutoque.
768 364 891 432 naam
917 368 1016 452 igiter
1038 368 1231 451 opravarr'o-

129 473 191 530 nes,
208 475 284 538 quus
297 462 386 517 toute
408 454 611 535 diuturnitate
631 457 775 537 temporis
792 464 941 537 tantoque
954 455 1095 519 barbarie
1115 476 1232 521 necesse

119 534 190 619 sirit
217 562 279 603 esse
307 540 552 623 quamplurimus,
580 542 681 604 multis
695 539 806 625 fretus
834 539 1055 622 exemplaribus
1078 544 1230 626 corrigere

129 645 294 711 aggressus,
305 626 386 709 feci,
403 627 484 708 meod
503 636 537 688 tu
547 626 695 710 jrusisti,·
719 629 814 689 etium
822 626 905 710 feci,
929 644 1017 708 qrrurn
1034 627 1134 708 potui,
1158 628 1228 690 dili-

41 738 51 759 ·
124 716 244 797 genter,
261 721 294 773 ut
307 712 379 773 huic
400 732 481 774 noun
502 714 643 795 nn'reeque
662 711 820 774 industriae
840 713 1050 794 impressorum
1072 712 1138 794 ipse
1155 734 1228 796 quo·

124 798 256 881 'quopro
270 797 359 859 uirili
371 797 554 858 ourilr'orer.
599 793 744 859 Deinde:
772 795 863 870 erod
880 798 924 858 nd
944 817 992 859 me
1006 798 1140 874 attinuit,
1156 816 1228 861 nus·

125 901 217 965 mum
232 883 369 945 otriosus
383 883 530 963 interpres
551 890 604 944 out
626 882 793 956 divinator,
810 880 1012 963 nihiiprceter
1032 903 1127 947 rreum
1144 882 1229 947 labo·

125 986 187 1028 rene
202 976 232 1028 et
254 966 449 1050 diligentium
472 967 588 1032 attrrli:
611 986 679 1049 quae
696 967 809 1029 murum
827 976 919 1029 touta
935 963 1046 1046 suerit,
1071 976 1107 1031 ut
1130 966 1227 1032 tibra-

11 1060 25 1083 ·
125 1051 241 1115 riorum
258 1051 398 1114 totierrdis
411 1051 564 1114 erroribus
576 1050 782 1134 satisfecerit!
828 1051 915 1115 Certe
930 1054 964 1113 in
978 1052 1034 1113 doc
1045 1047 1114 1130 suit
1127 1056 1227 1116 nrani-

124 1140 188 1212 rno,
210 1144 243 1198 ut
262 1136 348 1199 Livii
371 1135 557 1219 majestatem
583 1134 778 1224 affectatione
799 1136 916 1220 ingenii
938 1156 1086 1220 nusquam
1109 1140 1227 1202 minue-

125 1241 199 1283 ren.
245 1219 386 1284 Andreae
413 1221 497 1284 velut
521 1221 744 1306 praescriptum
772 1238 838 1283 una
860 1242 933 1284 cum
958 1221 1144 1304 praeiutione
1171 1242 1227 1287 ex·

123 1320 306 1391 presserunt
330 1309 387 1393 (ito
412 1320 529 1384 tamen,
547 1325 582 1371 ιιι
604 1305 778 1369 identidem
800 1305 841 1368 ab
864 1326 903 1369 eo
925 1306 1120 1388 recesserint)
1152 1304 1226 1372 Me·

123 1386 329 1475 diulaneosis,
356 1404 457 1455 artem
487 1392 701 1476 etdmpensas
728 1390 860 1454 laudans
888 1388 972 1453 Phili
996 1392 1028 1474 pi
1054 1391 1227 1476 Lavsgniae

124 1494 381 1540 mccccuxxrnr:
403 1476 571 1553 Tarvisioa
586 1487 730 1561 utreque,
743 1474 880 1538 referens
890 1473 947 1539 has
958 1411 1123 1540 dicudesu
1139 1480 1227 1543 Lucu

124 1558 231 1624 Porro
251 1561 491 1645 diligentissIme
512 1562 690 1636 recensitas,
707 1561 806 1645 praelo
825 1562 1002 1645 suppositas
1022 1559 1117 1624 fluisse
1135 1563 1225 1647 ado.

124 1640 321 1710 vercellensi
344 1665 597 1724 uccccuxxx113
620 1648 788 1710 etiterum
811 1648 941 1731 quiut03
962 1664 1035 1732 quae
1057 1646 1131 1709 duae
1150 1660 1227 1723 vsum

123 1728 278 1795 editiones
293 1732 426 1796 diversae
464 1748 499 1794 er
514 1732 630 1810 onmia,
646 1754 722 1808 non,
740 1746 775 1796 ut
790 1750 876 1795 nuos
897 1728 1057 1794 interdum
1074 1731 1224 1811 illudunt,

122 1817 264 1964 q'rimum
292 1817 388 1881 modo
412 1754 523 1881 folium
548 1839 621 1881 cum
643 1836 728 1880 anno
750 1816 868 1880 habeut
890 1830 1066 1880 mutatum:
1091 1818 1225 1904 dureque

157 1913 270 1983 euetae,
285 1925 358 1988 quae
371 1924 430 1987 per
446 1902 718 1968 Bartholomaeum
737 1903 777 1965 de
799 1902 894 1967 Zunls
908 1922 928 1965 a
943 1902 1085 1966 Portesio
1100 1922 1226 1968 summa

121 1980 278 2052 industria
288 1991 321 2053 s'e
331 1989 492 2052 conditam
505 2002 612 2053 cantat
621 2008 847 2070 nccccxcrrn,
857 2000 889 2052 et
900 2008 1038 2073 quaeper
1048 1989 1225 2077 Georgium

123 2070 164 2137 de
188 2072 391 2138 Rusconibus
418 2073 692 2139 Mediolanensem
716 2096 794 2139 mur.
842 2074 916 2137 Non
943 2074 1044 2137 multo
1071 2075 1224 2153 seniensi

121 2178 188 2222 non
212 2161 372 2245 antiquior
394 2160 594 2247 quibusdam,
614 2174 661 2223 est
685 2158 894 2237 Bcchariana,
910 2158 1022 2221 charta
1040 2160 1222 2247 ὄκταπόχῳ,

123 2244 170 2328 (et
191 2244 328 2327 primam
351 2267 388 2308 en
410 2246 515 2307 forma
534 2254 728 2307 contractam
752 2242 836 2321 hanc
858 2263 981 2325 censeo,
998 2264 1055 2305 nec
1069 2242 1144 2320 vidi,
1161 2247 1224 2309 nisi

145 2328 210 2394 uod
222 2327 325 2394 habeo
338 2330 405 2416 ejus
420 2330 578 2414 specimen
595 2328 733 2394 a'l'obiu
745 2329 883 2391 Andron
898 2326 1065 2412 donatum)
1078 2328 1221 2394 dissimu-

119 2350 188 2480 Pato
202 2415 274 2479 Ιοοο
291 2427 323 2478 et
345 2431 497 2500 tempore,
514 2437 611 2480 unam
634 2413 805 2499 preeierens
827 2415 993 2500 utriusque
1013 2425 1133 2496 notam,
1151 2415 1222 2479 Au·

121 2497 242 2587 gumtini
259 2499 408 2565 Becherii
422 2500 592 2565 sacerdotis
607 2504 646 2563 ad
662 2500 818 2563 studiosos
833 2498 1016 2586 alloquium,
1034 2499 1120 2600 quod
1132 2501 1222 2566 teutl-

120 2586 232 2650 'monio
255 2583 458 2664 Quintiliani,
477 2586 729 2671 Hieronymique
752 2606 788 2648 ac
814 2584 910 2648 Plinii
932 2586 1171 2649 narratiuncula
1184 2587 1224 2651 de

123 2668 287 2736 Gaditano
310 2671 496 2736 Patauinum
523 2672 644 2735 visente
667 2681 803 2735 constat.
848 2669 902 2735 Ab
927 2670 1038 2734 eodem
1067 2669 1223 2736 Bechario

121 2751 284 2824 iustinum
303 2755 352 2820 M.
370 2759 513 2821 Antonio
536 2759 653 2821 Coccio
677 2755 835 2821 Subellico
854 2756 1054 2843 recognitum
1067 2757 1222 2841 prodiisse

121 2853 256 2908 ussurur
271 2839 367 2907 Mart.
386 2839 619 2946 Berneggerus.
664 2841 818 2906 Proximo
837 2839 916 2904 mihi
930 2841 1037 2906 obluta
1051 2855 1108 2923 est,
1124 2851 1221 2930 (piant

121 2927 259 2993 Lutetiae
274 2947 405 2993 muxur.
424 2931 529 2993 enrisrt
542 2929 683 2993 Jodocus
697 2927 818 2997 Badius
830 2929 1010 2992 ascensius.
1028 2928 1056 2992 is
1070 2927 1221 2994 lectorem

120 3025 231 3078 monet
252 3016 415 3098 superiore
433 3027 551 3078 conatu
575 3028 648 3080 aute
668 3014 833 3078 biennium
855 3034 967 3098 operas
989 3035 1060 3076 suas
1074 3013 1221 3099 deceptas

121 3099 242 3182 codice,
268 3100 322 3186 qui
349 3097 400 3164 Μ.
418 3099 610 3164 Sabellieum
634 3112 814 3164 exactorem
839 3085 1036 3182 praedicaret,
1061 3098 1221 3182 plusculas

121 3186 253 3250 mendas
277 3207 341 3249 non
363 3186 531 3248 exemisset
555 3208 620 3273 quo
643 3185 743 3249 serius
765 3193 928 3266 comperto
952 3206 986 3247 se
1007 3204 1133 3247 curasse
1147 3182 1220 3247 reli·

122 3271 212 3357 quies
227 3271 377 3335 Livianus
392 3289 466 3334 cum
481 3272 589 3335 decem
605 3271 736 3334 diversoe
750 3281 887 3332 monetae
909 3279 965 3332 out
985 3269 1149 3353 scriptume
1164 3290 1220 3334 ex·

122 3356 317 3443 empiuribus
323 3354 460 3421 conferri
475 3380 493 3421 a
505 3356 676 3422 Gerhardo
688 3353 882 3420 Vercellensi
894 3353 1087 3438 Burgundo.
1114 3357 1219 3442 Atque

121 3439 175 3505 hae
189 3464 300 3506 omnes
313 3443 397 3507 libro
407 3444 502 3508 tertio
518 3456 549 3507 et
563 3443 725 3531 trigesimo
739 3462 919 3527 magnaque
939 3451 1030 3526 parte
1064 3441 1219 3529 andrege-

122 3525 205 3606 simi,
222 3523 322 3592 finitae
337 3529 455 3593 seilicet
469 3530 501 3593 in
517 3529 567 3592 his
580 3529 684 3594 verbis
698 3550 767 3614 cap.
784 3531 825 3602 37
829 3574 837 3589 .
848 3550 908 3610 per
918 3464 1105 3612 omniosirra
1119 3529 1219 3591 conci·

121 3613 298 3698 liuduloque
312 3617 482 3693 edixerunt,
498 3615 721 3679 destituuntur.
745 3636 804 3702 ego
820 3626 927 3678 autem
949 3614 1082 3694 cunctis,
1102 3625 1220 3698 praeter

124 3695 352 3784 Campauicam
384 3712 416 3764 et
451 3701 591 3786 priorem
619 3699 831 3776 Tarnisioam,
864 3714 899 3763 ut
926 3697 1089 3775 inciderat,
1122 3700 1219 3783 quod,

122 3777 392 3873 quemadmodum
409 3786 578 3874 aliquando
591 3786 709 3850 lectum
724 3799 814 3863 esset,
827 3805 955 3848 noscere
968 3785 1093 3847 animus
1111 3777 1217 3861 ferret,

76 3901 80 3910 ¹
121 3893 202 3935 usus
214 3891 294 3934 sum.
341 3871 461 3936 Praeter
479 3870 535 3935 has
550 3870 643 3935 rideo
663 3871 820 3936 laudario
837 3868 1024 3933 Robortellu
1046 3866 1220 3933 Melchiori

121 3955 248 4024 Suessae
262 3954 467 4035 elaboratam,
480 3961 512 4021 et
526 3958 567 4022 ub
578 3958 657 4035 aliis,
670 3956 814 4022 Antonio
828 3954 967 4020 Zarutho
982 3976 1023 4017 ex
1036 3954 1220 4018 recensione

125 4039 215 4107 Petri
249 4041 366 4108 Justini
402 4042 564 4128 Pltilelpiii
599 4043 752 4192 impensis
785 4042 837 4107 Jo.
867 4039 1015 4127 Legnani
1042 4028 1219 4103 Mediolani

124 4145 333 4195 uecccuxxx.
355 4128 541 4194 confectam.
563 4128 625 4196 eed-
667 4152 707 4207 ω,
731 4141 764 4193 et
788 4126 977 4211 complures,
1001 4126 1128 4209 opinor,
1142 4113 1219 4190 ¹aliae

13 4267 15 4296 ,χ
120 4209 232 4278 oculos
253 4237 340 4280 meos
360 4213 521 4304 fugerunt.
565 4216 663 4284 Anno
688 4213 829 4300 proximi
850 4210 947 4278 seculi
970 4222 1082 4288 octavo
1096 4209 1220 4290 decimo

14 4353 17 4390 ‚
122 4299 557 4451 prqqqniltvMagoutiueensis
579 4299 665 4389 apud
687 4298 954 4450 Joigcheiie'rum
968 4299 1021 4365 do.
1039 4295 1148 4363 Fausti
1161 4318 1219 4363 ue·
