<?xml version="1.0" encoding="UTF-8"?>
<!DOCTYPE html PUBLIC "-//W3C//DTD XHTML 1.0 Transitional//EN"
    "http://www.w3.org/TR/xhtml1/DTD/xhtml1-transitional.dtd">
<html xmlns="http://www.w3.org/1999/xhtml" xml:lang="en" lang="en">
 <head>
  <title>
</title>
<meta http-equiv="Content-Type" content="text/html;charset=utf-8" />
  <meta name='ocr-system' content='tesseract 3.04.00' />
  <meta name='ocr-capabilities' content='ocr_page ocr_carea ocr_par ocr_line ocrx_word'/>
</head>
<body>
  <div class='ocr_page' id='page_1' title='image "./tliviipatavinih05crevgoog/tliviipatavinih05crevgoog_0270.png"; bbox 0 0 2942 4750; ppageno 0'>
   <div class='ocr_carea' id='block_1_1' title="bbox 239 138 998 223">
    <p class='ocr_par' dir='ltr' id='par_1_1' title="bbox 239 138 998 223">
     <span class='ocr_line' id='line_1_1' title="bbox 239 138 998 223; baseline -0.009 -20"><span class='ocrx_word' id='word_1_1' title='bbox 239 160 298 213; x_wconf 67' lang='lat' dir='ltr'><em>om,</em></span> <span class='ocrx_word' id='word_1_2' title='bbox 656 138 899 203; x_wconf 65' lang='lat' dir='ltr'><em>sessoris</em></span> <span class='ocrx_word' id='word_1_3' title='bbox 994 216 998 223; x_wconf 6' lang='grc' dir='ltr'>ἱ</span> 
     </span>
    </p>
   </div>
   <div class='ocr_carea' id='block_1_2' title="bbox 240 300 1447 468">
    <p class='ocr_par' dir='ltr' id='par_1_2' title="bbox 240 300 1447 468">
     <span class='ocr_line' id='line_1_2' title="bbox 240 300 1447 395; baseline -0.017 -16"><span class='ocrx_word' id='word_1_4' title='bbox 240 312 456 395; x_wconf 87' lang='lat' dir='ltr'><em>tonii,passim</em></span> <span class='ocrx_word' id='word_1_5' title='bbox 471 311 505 372; x_wconf 86' lang='lat' dir='ltr'><em>in</em></span> <span class='ocrx_word' id='word_1_6' title='bbox 525 306 703 369; x_wconf 76' lang='lat' dir='ltr'><em>castriensis</em></span> <span class='ocrx_word' id='word_1_7' title='bbox 724 303 880 377; x_wconf 81' lang='lat' dir='ltr'><em>tnuidati,</em></span> <span class='ocrx_word' id='word_1_8' title='bbox 904 300 978 385; x_wconf 83' lang='lat' dir='ltr'><em>quio</em></span> <span class='ocrx_word' id='word_1_9' title='bbox 998 307 1028 360; x_wconf 87' lang='lat' dir='ltr'><em>et</em></span> <span class='ocrx_word' id='word_1_10' title='bbox 1045 300 1175 380; x_wconf 84' lang='lat' dir='ltr'><em>suspecti</em></span> <span class='ocrx_word' id='word_1_11' title='bbox 1199 308 1301 377; x_wconf 68' lang='lat' dir='ltr'><em>nant,</em></span> <span class='ocrx_word' id='word_1_12' title='bbox 1431 361 1447 387; x_wconf 43' lang='lat'><em>⁶</em></span> 
     </span>
     <span class='ocr_line' id='line_1_3' title="bbox 240 383 1408 468; baseline -0.017 -3"><span class='ocrx_word' id='word_1_13' title='bbox 240 403 285 463; x_wconf 85' lang='lat' dir='ltr'><em>ael</em></span> <span class='ocrx_word' id='word_1_14' title='bbox 299 401 449 463; x_wconf 67' lang='lat' dir='ltr'><em>Caesarem</em></span> <span class='ocrx_word' id='word_1_15' title='bbox 469 394 661 457; x_wconf 74' lang='lat' dir='ltr'><em>desciuerunt.</em></span> <span class='ocrx_word' id='word_1_16' title='bbox 705 389 751 453; x_wconf 91' lang='lat' dir='ltr'><em>D.</em></span> <span class='ocrx_word' id='word_1_17' title='bbox 777 391 898 462; x_wconf 84' lang='lat' dir='ltr'><em>Brutus,</em></span> <span class='ocrx_word' id='word_1_18' title='bbox 921 395 955 447; x_wconf 89' lang='lat' dir='ltr'><em>ut</em></span> <span class='ocrx_word' id='word_1_19' title='bbox 973 383 1089 466; x_wconf 88' lang='lat' dir='ltr'><em>petenti</em></span> <span class='ocrx_word' id='word_1_20' title='bbox 1109 385 1303 468; x_wconf 73' lang='lat' dir='ltr'><em>Cisalpinam</em></span> <span class='ocrx_word' id='word_1_21' title='bbox 1405 428 1408 433; x_wconf 87' lang='lat'><em>-</em></span> 
     </span>
    </p>
   </div>
   <div class='ocr_carea' id='block_1_3' title="bbox 240 470 1302 643">
    <p class='ocr_par' dir='ltr' id='par_1_3' title="bbox 240 470 1302 643">
     <span class='ocr_line' id='line_1_4' title="bbox 243 470 1301 554; baseline -0.016 -4"><span class='ocrx_word' id='word_1_22' title='bbox 243 486 381 549; x_wconf 89' lang='lat' dir='ltr'><em>Galliam</em></span> <span class='ocrx_word' id='word_1_23' title='bbox 396 479 531 546; x_wconf 86' lang='lat' dir='ltr'><em>Antonio</em></span> <span class='ocrx_word' id='word_1_24' title='bbox 551 476 716 554; x_wconf 77' lang='lat' dir='ltr'><em>obsisteret,</em></span> <span class='ocrx_word' id='word_1_25' title='bbox 727 473 884 536; x_wconf 75' lang='lat' dir='ltr'><em>Mutinam</em></span> <span class='ocrx_word' id='word_1_26' title='bbox 905 491 969 533; x_wconf 76' lang='lat' dir='ltr'><em>mern</em></span> <span class='ocrx_word' id='word_1_27' title='bbox 988 470 1120 532; x_wconf 84' lang='lat' dir='ltr'><em>enercitu</em></span> <span class='ocrx_word' id='word_1_28' title='bbox 1134 471 1301 552; x_wconf 79' lang='lat' dir='ltr'><em>occupauit.</em></span> 
     </span>
     <span class='ocr_line' id='line_1_5' title="bbox 240 555 1302 643; baseline -0.018 -7"><span class='ocrx_word' id='word_1_29' title='bbox 240 574 399 636; x_wconf 83' lang='lat' dir='ltr'><em>Preetereo</em></span> <span class='ocrx_word' id='word_1_30' title='bbox 421 568 565 630; x_wconf 74' lang='lat' dir='ltr'><em>discursus</em></span> <span class='ocrx_word' id='word_1_31' title='bbox 585 563 737 643; x_wconf 79' lang='lat' dir='ltr'><em>uniusque</em></span> <span class='ocrx_word' id='word_1_32' title='bbox 758 559 860 641; x_wconf 88' lang='lat' dir='ltr'><em>partis</em></span> <span class='ocrx_word' id='word_1_33' title='bbox 888 559 1017 621; x_wconf 82' lang='lat' dir='ltr'><em>virorum</em></span> <span class='ocrx_word' id='word_1_34' title='bbox 1043 555 1090 616; x_wconf 82' lang='lat' dir='ltr'><em>acl</em></span> <span class='ocrx_word' id='word_1_35' title='bbox 1110 558 1302 639; x_wconf 79' lang='lat' dir='ltr'><em>accipiendas</em></span> 
     </span>
    </p>
   </div>
   <div class='ocr_carea' id='block_1_4' title="bbox 117 644 907 738">
    <p class='ocr_par' dir='ltr' id='par_1_4' title="bbox 117 644 907 738">
     <span class='ocr_line' id='line_1_6' title="bbox 117 644 907 738; baseline -0.018 -18"><span class='ocrx_word' id='word_1_36' title='bbox 117 708 122 719; x_wconf 95' lang='lat'><strong><em>.</em></strong></span> <span class='ocrx_word' id='word_1_37' title='bbox 234 657 423 738; x_wconf 83' lang='lat' dir='ltr'><em>provincias,</em></span> <span class='ocrx_word' id='word_1_38' title='bbox 439 652 667 732; x_wconf 81' lang='lat' dir='ltr'><em>adparatusque</em></span> <span class='ocrx_word' id='word_1_39' title='bbox 680 644 754 707; x_wconf 83' lang='lat' dir='ltr'><em>belli</em></span> <span class='ocrx_word' id='word_1_40' title='bbox 767 644 907 707; x_wconf 89' lang='lat' dir='ltr'><em>eontinet.</em></span> 
     </span>
    </p>
   </div>
   <div class='ocr_carea' id='block_1_5' title="bbox 665 845 870 982">
    <p class='ocr_par' dir='ltr' id='par_1_5' title="bbox 665 845 870 982">
     <span class='ocr_line' id='line_1_7' title="bbox 665 845 870 982; baseline -0.015 -1"><span class='ocrx_word' id='word_1_41' title='bbox 665 845 870 982; x_wconf 75' lang='lat' dir='ltr'><em>oxvlli.</em></span> 
     </span>
    </p>
   </div>
   <div class='ocr_carea' id='block_1_6' title="bbox 136 1069 1319 1937">
    <p class='ocr_par' dir='ltr' id='par_1_6' title="bbox 136 1069 1319 1937">
     <span class='ocr_line' id='line_1_8' title="bbox 283 1069 1301 1157; baseline -0.017 -7"><span class='ocrx_word' id='word_1_42' title='bbox 283 1082 334 1148; x_wconf 90' lang='lat' dir='ltr'><em>M.</em></span> <span class='ocrx_word' id='word_1_43' title='bbox 350 1086 462 1149; x_wconf 77' lang='lat' dir='ltr'><em>Brutus</em></span> <span class='ocrx_word' id='word_1_44' title='bbox 477 1084 510 1144; x_wconf 92' lang='lat' dir='ltr'><em>in</em></span> <span class='ocrx_word' id='word_1_45' title='bbox 535 1076 669 1154; x_wconf 72' lang='lat' dir='ltr'><em>Graecia,</em></span> <span class='ocrx_word' id='word_1_46' title='bbox 693 1074 747 1139; x_wconf 79' lang='lat' dir='ltr'><em>sub</em></span> <span class='ocrx_word' id='word_1_47' title='bbox 762 1082 912 1157; x_wconf 80' lang='lat' dir='ltr'><em>pretextu</em></span> <span class='ocrx_word' id='word_1_48' title='bbox 932 1071 1108 1155; x_wconf 75' lang='lat' dir='ltr'><em>respublica</em></span> <span class='ocrx_word' id='word_1_49' title='bbox 1126 1081 1154 1135; x_wconf 87' lang='lat' dir='ltr'><em>ct</em></span> <span class='ocrx_word' id='word_1_50' title='bbox 1173 1069 1301 1153; x_wconf 85' lang='lat' dir='ltr'><em>suscepti</em></span> 
     </span>
     <span class='ocr_line' id='line_1_9' title="bbox 242 1156 1316 1241; baseline -0.014 -9"><span class='ocrx_word' id='word_1_51' title='bbox 242 1181 347 1234; x_wconf 90' lang='lat' dir='ltr'><em>contra</em></span> <span class='ocrx_word' id='word_1_52' title='bbox 369 1170 417 1232; x_wconf 89' lang='lat' dir='ltr'><em>M.</em></span> <span class='ocrx_word' id='word_1_53' title='bbox 442 1168 608 1231; x_wconf 87' lang='lat' dir='ltr'><em>Antonium</em></span> <span class='ocrx_word' id='word_1_54' title='bbox 631 1164 713 1241; x_wconf 84' lang='lat' dir='ltr'><em>belli,</em></span> <span class='ocrx_word' id='word_1_55' title='bbox 733 1161 901 1237; x_wconf 71' lang='lat' dir='ltr'><em>ecmcitum,</em></span> <span class='ocrx_word' id='word_1_56' title='bbox 924 1160 972 1221; x_wconf 86' lang='lat' dir='ltr'><em>cui</em></span> <span class='ocrx_word' id='word_1_57' title='bbox 996 1156 1138 1220; x_wconf 87' lang='lat' dir='ltr'><em>Vatinius</em></span> <span class='ocrx_word' id='word_1_58' title='bbox 1158 1167 1316 1237; x_wconf 69' lang='lat' dir='ltr'><em>preeunt,</em></span> 
     </span>
     <span class='ocr_line' id='line_1_10' title="bbox 241 1242 1300 1338; baseline -0.013 -21"><span class='ocrx_word' id='word_1_59' title='bbox 241 1255 469 1338; x_wconf 89' lang='lat' dir='ltr'><em>cumprooincia</em></span> <span class='ocrx_word' id='word_1_60' title='bbox 481 1253 513 1315; x_wconf 88' lang='lat' dir='ltr'><em>in</em></span> <span class='ocrx_word' id='word_1_61' title='bbox 519 1258 700 1333; x_wconf 87' lang='lat' dir='ltr'><em>potestatem</em></span> <span class='ocrx_word' id='word_1_62' title='bbox 709 1268 793 1310; x_wconf 79' lang='lat' dir='ltr'><em>meum</em></span> <span class='ocrx_word' id='word_1_63' title='bbox 804 1246 929 1328; x_wconf 84' lang='lat' dir='ltr'><em>redegit.</em></span> <span class='ocrx_word' id='word_1_64' title='bbox 969 1244 1002 1306; x_wconf 90' lang='lat' dir='ltr'><em>C.</em></span> <span class='ocrx_word' id='word_1_65' title='bbox 1016 1244 1140 1319; x_wconf 69' lang='lat' dir='ltr'><em>Caesorc,</em></span> <span class='ocrx_word' id='word_1_66' title='bbox 1154 1243 1224 1325; x_wconf 76' lang='lat' dir='ltr'><em>²qui</em></span> <span class='ocrx_word' id='word_1_67' title='bbox 1228 1242 1300 1324; x_wconf 87' lang='lat' dir='ltr'><em>pri·</em></span> 
     </span>
     <span class='ocr_line' id='line_1_11' title="bbox 239 1328 1301 1423; baseline -0.013 -20"><span class='ocrx_word' id='word_1_68' title='bbox 239 1363 305 1404; x_wconf 83' lang='lat' dir='ltr'><em>mus</em></span> <span class='ocrx_word' id='word_1_69' title='bbox 317 1341 488 1423; x_wconf 62' lang='lat' dir='ltr'><em>reipublicae</em></span> <span class='ocrx_word' id='word_1_70' title='bbox 502 1356 589 1401; x_wconf 80' lang='lat' dir='ltr'><em>ornra</em></span> <span class='ocrx_word' id='word_1_71' title='bbox 602 1343 761 1410; x_wconf 75' lang='lat' dir='ltr'><em>sumserat,</em></span> <span class='ocrx_word' id='word_1_72' title='bbox 776 1331 983 1413; x_wconf 81' lang='lat' dir='ltr'><em>&#39;propraetocis</em></span> <span class='ocrx_word' id='word_1_73' title='bbox 992 1328 1149 1410; x_wconf 84' lang='lat' dir='ltr'><em>imperium</em></span> <span class='ocrx_word' id='word_1_74' title='bbox 1160 1350 1181 1388; x_wconf 90' lang='lat' dir='ltr'><em>o</em></span> <span class='ocrx_word' id='word_1_75' title='bbox 1195 1336 1301 1391; x_wconf 85' lang='lat' dir='ltr'><em>senatu</em></span> 
     </span>
     <span class='ocr_line' id='line_1_12' title="bbox 241 1413 1301 1495; baseline -0.012 -7"><span class='ocrx_word' id='word_1_76' title='bbox 241 1428 342 1493; x_wconf 62' lang='lat' dir='ltr'><em>Mtum</em></span> <span class='ocrx_word' id='word_1_77' title='bbox 370 1436 415 1488; x_wconf 89' lang='lat' dir='ltr'><em>cst</em></span> <span class='ocrx_word' id='word_1_78' title='bbox 449 1445 513 1486; x_wconf 90' lang='lat' dir='ltr'><em>cum</em></span> <span class='ocrx_word' id='word_1_79' title='bbox 547 1418 749 1485; x_wconf 78' lang='lat' dir='ltr'><em>consularibus</em></span> <span class='ocrx_word' id='word_1_80' title='bbox 783 1416 986 1485; x_wconf 84' lang='lat' dir='ltr'><em>ornamentis,·</em></span> <span class='ocrx_word' id='word_1_81' title='bbox 1025 1413 1237 1495; x_wconf 83' lang='lat' dir='ltr'><em>adjectumque,</em></span> <span class='ocrx_word' id='word_1_82' title='bbox 1267 1421 1301 1475; x_wconf 90' lang='lat' dir='ltr'><em>ut</em></span> 
     </span>
     <span class='ocr_line' id='line_1_13' title="bbox 240 1497 1299 1575; baseline -0.013 1"><span class='ocrx_word' id='word_1_83' title='bbox 240 1522 363 1575; x_wconf 89' lang='lat' dir='ltr'><em>senator</em></span> <span class='ocrx_word' id='word_1_84' title='bbox 391 1520 475 1574; x_wconf 86' lang='lat' dir='ltr'><em>esset.</em></span> <span class='ocrx_word' id='word_1_85' title='bbox 529 1506 578 1569; x_wconf 87' lang='lat' dir='ltr'><em>M.</em></span> <span class='ocrx_word' id='word_1_86' title='bbox 605 1505 758 1568; x_wconf 83' lang='lat' dir='ltr'><em>Antonius</em></span> <span class='ocrx_word' id='word_1_87' title='bbox 787 1503 834 1565; x_wconf 91' lang='lat' dir='ltr'><em>D.</em></span> <span class='ocrx_word' id='word_1_88' title='bbox 863 1503 991 1564; x_wconf 80' lang='lat' dir='ltr'><em>Bnrturu</em></span> <span class='ocrx_word' id='word_1_89' title='bbox 1022 1499 1151 1561; x_wconf 74' lang='lat' dir='ltr'><em>Mutine</em></span> <span class='ocrx_word' id='word_1_90' title='bbox 1178 1497 1299 1562; x_wconf 77' lang='lat' dir='ltr'><em>obsedit.</em></span> 
     </span>
     <span class='ocr_line' id='line_1_14' title="bbox 240 1587 1301 1680; baseline -0.015 -21"><span class='ocrx_word' id='word_1_91' title='bbox 240 1598 380 1680; x_wconf 82' lang='lat' dir='ltr'><em>missique</em></span> <span class='ocrx_word' id='word_1_92' title='bbox 393 1599 437 1657; x_wconf 85' lang='lat' dir='ltr'><em>ad</em></span> <span class='ocrx_word' id='word_1_93' title='bbox 450 1615 517 1657; x_wconf 90' lang='lat' dir='ltr'><em>eum</em></span> <span class='ocrx_word' id='word_1_94' title='bbox 531 1615 552 1653; x_wconf 92' lang='lat' dir='ltr'><em>a</em></span> <span class='ocrx_word' id='word_1_95' title='bbox 566 1601 673 1654; x_wconf 89' lang='lat' dir='ltr'><em>senatu</em></span> <span class='ocrx_word' id='word_1_96' title='bbox 686 1588 783 1671; x_wconf 80' lang='lat' dir='ltr'><em>legati</em></span> <span class='ocrx_word' id='word_1_97' title='bbox 797 1589 834 1649; x_wconf 81' lang='lat' dir='ltr'><em>dc</em></span> <span class='ocrx_word' id='word_1_98' title='bbox 842 1608 922 1669; x_wconf 89' lang='lat' dir='ltr'><em>pace</em></span> <span class='ocrx_word' id='word_1_99' title='bbox 933 1605 1041 1666; x_wconf 83' lang='lat' dir='ltr'><em>parum</em></span> <span class='ocrx_word' id='word_1_100' title='bbox 1053 1587 1097 1646; x_wconf 84' lang='lat' dir='ltr'><em>od</em></span> <span class='ocrx_word' id='word_1_101' title='bbox 1103 1605 1170 1647; x_wconf 89' lang='lat' dir='ltr'><em>eam</em></span> <span class='ocrx_word' id='word_1_102' title='bbox 1185 1603 1301 1665; x_wconf 89' lang='lat' dir='ltr'><em>compo-</em></span> 
     </span>
     <span class='ocr_line' id='line_1_15' title="bbox 240 1667 1319 1756; baseline -0.015 -11"><span class='ocrx_word' id='word_1_103' title='bbox 240 1684 370 1744; x_wconf 84' lang='lat' dir='ltr'><em>nendam</em></span> <span class='ocrx_word' id='word_1_104' title='bbox 384 1683 552 1745; x_wconf 80' lang='lat' dir='ltr'><em>ualuenrnt.</em></span> <span class='ocrx_word' id='word_1_105' title='bbox 598 1676 734 1756; x_wconf 85' lang='lat' dir='ltr'><em>Populus</em></span> <span class='ocrx_word' id='word_1_106' title='bbox 749 1673 904 1736; x_wconf 70' lang='lat' dir='ltr'><em>Romarm</em></span> <span class='ocrx_word' id='word_1_107' title='bbox 913 1692 992 1753; x_wconf 88' lang='lat' dir='ltr'><em>saga</em></span> <span class='ocrx_word' id='word_1_108' title='bbox 1001 1670 1110 1733; x_wconf 83' lang='lat' dir='ltr'><em>sumsit.</em></span> <span class='ocrx_word' id='word_1_109' title='bbox 1155 1668 1205 1731; x_wconf 88' lang='grc' dir='ltr'><em>Μ.</em></span> <span class='ocrx_word' id='word_1_110' title='bbox 1217 1667 1319 1730; x_wconf 78' lang='lat' dir='ltr'><em>Bru·&#39;</em></span> 
     </span>
     <span class='ocr_line' id='line_1_16' title="bbox 136 1755 1302 1851; baseline -0.013 -22"><span class='ocrx_word' id='word_1_111' title='bbox 136 1786 140 1791; x_wconf 89' lang='grc'><strong><em>·</em></strong></span> <span class='ocrx_word' id='word_1_112' title='bbox 175 1782 182 1795; x_wconf 92' lang='grc'>’</span> <span class='ocrx_word' id='word_1_113' title='bbox 241 1777 287 1830; x_wconf 86' lang='lat' dir='ltr'><em>tus</em></span> <span class='ocrx_word' id='word_1_114' title='bbox 313 1769 346 1829; x_wconf 90' lang='lat' dir='ltr'><em>in</em></span> <span class='ocrx_word' id='word_1_115' title='bbox 369 1767 471 1851; x_wconf 80' lang='lat' dir='ltr'><em>Epiro</em></span> <span class='ocrx_word' id='word_1_116' title='bbox 497 1765 530 1829; x_wconf 87' lang='lat' dir='ltr'><em>C.</em></span> <span class='ocrx_word' id='word_1_117' title='bbox 551 1761 717 1827; x_wconf 85' lang='lat' dir='ltr'><em>Antonium</em></span> <span class='ocrx_word' id='word_1_118' title='bbox 735 1768 895 1840; x_wconf 73' lang='lat' dir='ltr'><em>pretorem</em></span> <span class='ocrx_word' id='word_1_119' title='bbox 916 1777 979 1819; x_wconf 90' lang='lat' dir='ltr'><em>cum</em></span> <span class='ocrx_word' id='word_1_120' title='bbox 1001 1757 1133 1819; x_wconf 84' lang='lat' dir='ltr'><em>ecercitu</em></span> <span class='ocrx_word' id='word_1_121' title='bbox 1149 1755 1302 1837; x_wconf 75' lang='lat' dir='ltr'><em>potestati</em></span> 
     </span>
     <span class='ocr_line' id='line_1_17' title="bbox 241 1847 869 1937; baseline -0.006 -23"><span class='ocrx_word' id='word_1_122' title='bbox 241 1872 304 1914; x_wconf 67' lang='lat' dir='ltr'><em>sicce</em></span> <span class='ocrx_word' id='word_1_123' title='bbox 317 1851 452 1937; x_wconf 44' lang='lat' dir='ltr'><em>suffecit.</em></span> <span class='ocrx_word' id='word_1_124' title='bbox 646 1862 649 1867; x_wconf 81' lang='grc'>’</span> <span class='ocrx_word' id='word_1_125' title='bbox 864 1847 869 1853; x_wconf 79' lang='grc'>’</span> 
     </span>
    </p>
   </div>
   <div class='ocr_carea' id='block_1_7' title="bbox 600 2015 851 2099">
    <p class='ocr_par' dir='ltr' id='par_1_7' title="bbox 600 2015 851 2099">
     <span class='ocr_line' id='line_1_18' title="bbox 600 2015 851 2099; baseline -0.016 0"><span class='ocrx_word' id='word_1_126' title='bbox 600 2090 603 2099; x_wconf 83' lang='grc'><strong>.</strong></span> <span class='ocrx_word' id='word_1_127' title='bbox 691 2015 851 2099; x_wconf 73' lang='lat' dir='ltr'><em>cxlx,</em></span> 
     </span>
    </p>
   </div>
   <div class='ocr_carea' id='block_1_8' title="bbox 228 2192 1387 2793">
    <p class='ocr_par' dir='ltr' id='par_1_8' title="bbox 228 2192 1387 2793">
     <span class='ocr_line' id='line_1_19' title="bbox 287 2192 1303 2281; baseline -0.007 -19"><span class='ocrx_word' id='word_1_128' title='bbox 287 2198 321 2262; x_wconf 85' lang='lat' dir='ltr'><em>C.</em></span> <span class='ocrx_word' id='word_1_129' title='bbox 342 2196 503 2261; x_wconf 70' lang='lat' dir='ltr'><em>Tieionins</em></span> <span class='ocrx_word' id='word_1_130' title='bbox 517 2200 551 2260; x_wconf 92' lang='lat' dir='ltr'><em>in</em></span> <span class='ocrx_word' id='word_1_131' title='bbox 562 2196 764 2281; x_wconf 79' lang='lat' dir='ltr'><em>Asiofraude</em></span> <span class='ocrx_word' id='word_1_132' title='bbox 776 2195 816 2258; x_wconf 88' lang='lat' dir='ltr'><em>P.</em></span> <span class='ocrx_word' id='word_1_133' title='bbox 827 2192 1000 2257; x_wconf 77' lang='lat' dir='ltr'><em>Dolabella</em></span> <span class='ocrx_word' id='word_1_134' title='bbox 1013 2194 1124 2258; x_wconf 86' lang='lat' dir='ltr'><em>occisus</em></span> <span class='ocrx_word' id='word_1_135' title='bbox 1134 2201 1188 2258; x_wconf 88' lang='lat' dir='ltr'><em>est.</em></span> <span class='ocrx_word' id='word_1_136' title='bbox 1212 2193 1257 2256; x_wconf 83' lang='lat' dir='ltr'><em>Ob</em></span> <span class='ocrx_word' id='word_1_137' title='bbox 1268 2192 1303 2256; x_wconf 81' lang='lat' dir='ltr'><em>id</em></span> 
     </span>
     <span class='ocr_line' id='line_1_20' title="bbox 228 2277 1302 2368; baseline -0.006 -22"><span class='ocrx_word' id='word_1_138' title='bbox 228 2283 358 2368; x_wconf 76' lang='lat' dir='ltr'><em>fetemus</em></span> <span class='ocrx_word' id='word_1_139' title='bbox 372 2282 539 2347; x_wconf 85' lang='lat' dir='ltr'><em>Dolabella</em></span> <span class='ocrx_word' id='word_1_140' title='bbox 553 2283 648 2345; x_wconf 78' lang='lat' dir='ltr'><em>hostis</em></span> <span class='ocrx_word' id='word_1_141' title='bbox 663 2303 682 2344; x_wconf 88' lang='lat' dir='ltr'><em>a</em></span> <span class='ocrx_word' id='word_1_142' title='bbox 696 2288 804 2343; x_wconf 80' lang='lat' dir='ltr'><em>senatu</em></span> <span class='ocrx_word' id='word_1_143' title='bbox 807 2277 971 2362; x_wconf 78' lang='lat' dir='ltr'><em>judicatus</em></span> <span class='ocrx_word' id='word_1_144' title='bbox 980 2289 1033 2343; x_wconf 85' lang='lat' dir='ltr'><em>est.</em></span> <span class='ocrx_word' id='word_1_145' title='bbox 1081 2279 1180 2354; x_wconf 75' lang='lat' dir='ltr'><em>anrm</em></span> <span class='ocrx_word' id='word_1_146' title='bbox 1192 2280 1302 2342; x_wconf 88' lang='lat' dir='ltr'><em>Pansa</em></span> 
     </span>
     <span class='ocr_line' id='line_1_21' title="bbox 240 2364 1303 2448; baseline -0.008 -14"><span class='ocrx_word' id='word_1_147' title='bbox 240 2369 342 2434; x_wconf 89' lang='lat' dir='ltr'><em>consul</em></span> <span class='ocrx_word' id='word_1_148' title='bbox 356 2370 435 2432; x_wconf 89' lang='lat' dir='ltr'><em>male</em></span> <span class='ocrx_word' id='word_1_149' title='bbox 449 2370 592 2433; x_wconf 81' lang='lat' dir='ltr'><em>adversus</em></span> <span class='ocrx_word' id='word_1_150' title='bbox 606 2366 772 2431; x_wconf 86' lang='lat' dir='ltr'><em>Antonium</em></span> <span class='ocrx_word' id='word_1_151' title='bbox 788 2375 964 2448; x_wconf 77' lang='lat' dir='ltr'><em>pugnasset,</em></span> <span class='ocrx_word' id='word_1_152' title='bbox 988 2365 1027 2430; x_wconf 84' lang='lat' dir='ltr'><em>A.</em></span> <span class='ocrx_word' id='word_1_153' title='bbox 1051 2366 1178 2431; x_wconf 85' lang='lat' dir='ltr'><em>Hirtius</em></span> <span class='ocrx_word' id='word_1_154' title='bbox 1199 2364 1303 2428; x_wconf 72' lang='lat' dir='ltr'><em>consrcl</em></span> 
     </span>
     <span class='ocr_line' id='line_1_22' title="bbox 241 2450 1301 2537; baseline -0.007 -19"><span class='ocrx_word' id='word_1_155' title='bbox 241 2477 304 2518; x_wconf 88' lang='lat' dir='ltr'><em>cum</em></span> <span class='ocrx_word' id='word_1_156' title='bbox 320 2458 451 2520; x_wconf 76' lang='lat' dir='ltr'><em>exercitu</em></span> <span class='ocrx_word' id='word_1_157' title='bbox 468 2455 684 2537; x_wconf 84' lang='lat' dir='ltr'><em>superveniens,</em></span> <span class='ocrx_word' id='word_1_158' title='bbox 694 2453 785 2537; x_wconf 84' lang='lat' dir='ltr'><em>susis</em></span> <span class='ocrx_word' id='word_1_159' title='bbox 807 2451 857 2514; x_wconf 87' lang='grc' dir='ltr'><em>Μ.</em></span> <span class='ocrx_word' id='word_1_160' title='bbox 877 2450 1012 2515; x_wconf 83' lang='lat' dir='ltr'><em>Antonii</em></span> <span class='ocrx_word' id='word_1_161' title='bbox 1032 2452 1134 2533; x_wconf 86' lang='lat' dir='ltr'><em>copiis,</em></span> <span class='ocrx_word' id='word_1_162' title='bbox 1139 2450 1301 2534; x_wconf 85' lang='lat' dir='ltr'><em>fortunam</em></span> 
     </span>
     <span class='ocr_line' id='line_1_23' title="bbox 239 2536 1302 2624; baseline -0.008 -19"><span class='ocrx_word' id='word_1_163' title='bbox 239 2544 393 2624; x_wconf 69' lang='lat' dir='ltr'><em>ustisque</em></span> <span class='ocrx_word' id='word_1_164' title='bbox 403 2543 503 2621; x_wconf 88' lang='lat' dir='ltr'><em>partis</em></span> <span class='ocrx_word' id='word_1_165' title='bbox 517 2542 661 2622; x_wconf 69' lang='lat' dir='ltr'><em>aequavit.</em></span> <span class='ocrx_word' id='word_1_166' title='bbox 711 2539 811 2600; x_wconf 87' lang='lat' dir='ltr'><em>Victus</em></span> <span class='ocrx_word' id='word_1_167' title='bbox 831 2536 937 2598; x_wconf 65' lang='lat' dir='ltr'><em>Mulie</em></span> <span class='ocrx_word' id='word_1_168' title='bbox 957 2537 996 2598; x_wconf 80' lang='lat' dir='ltr'><em>al</em></span> <span class='ocrx_word' id='word_1_169' title='bbox 1010 2537 1121 2600; x_wconf 79' lang='lat' dir='ltr'><em>Hirtio</em></span> <span class='ocrx_word' id='word_1_170' title='bbox 1134 2546 1163 2598; x_wconf 90' lang='lat' dir='ltr'><em>et</em></span> <span class='ocrx_word' id='word_1_171' title='bbox 1180 2537 1302 2618; x_wconf 80' lang='lat' dir='ltr'><em>Cessare</em></span> 
     </span>
     <span class='ocr_line' id='line_1_24' title="bbox 240 2620 1300 2706; baseline -0.006 -17"><span class='ocrx_word' id='word_1_172' title='bbox 240 2626 395 2689; x_wconf 86' lang='lat' dir='ltr'><em>Antonius</em></span> <span class='ocrx_word' id='word_1_173' title='bbox 408 2626 441 2685; x_wconf 87' lang='lat' dir='ltr'><em>in</em></span> <span class='ocrx_word' id='word_1_174' title='bbox 458 2624 594 2686; x_wconf 87' lang='lat' dir='ltr'><em>Galliam</em></span> <span class='ocrx_word' id='word_1_175' title='bbox 609 2623 753 2706; x_wconf 56' lang='lat' dir='ltr'><em>suffigit,</em></span> <span class='ocrx_word' id='word_1_176' title='bbox 768 2632 800 2684; x_wconf 88' lang='lat' dir='ltr'><em>et</em></span> <span class='ocrx_word' id='word_1_177' title='bbox 814 2622 864 2688; x_wconf 90' lang='lat' dir='ltr'><em>M.</em></span> <span class='ocrx_word' id='word_1_178' title='bbox 880 2621 1026 2702; x_wconf 77' lang='lat' dir='ltr'><em>lepidum</em></span> <span class='ocrx_word' id='word_1_179' title='bbox 1046 2643 1110 2683; x_wconf 77' lang='lat' dir='ltr'><em>mam</em></span> <span class='ocrx_word' id='word_1_180' title='bbox 1124 2620 1300 2704; x_wconf 71' lang='lat' dir='ltr'><em>legionibus,</em></span> 
     </span>
     <span class='ocr_line' id='line_1_25' title="bbox 240 2706 1387 2793; baseline -0.004 -21"><span class='ocrx_word' id='word_1_181' title='bbox 240 2731 308 2793; x_wconf 85' lang='lat' dir='ltr'><em>qnae</em></span> <span class='ocrx_word' id='word_1_182' title='bbox 321 2710 373 2772; x_wconf 84' lang='lat' dir='ltr'><em>sub</em></span> <span class='ocrx_word' id='word_1_183' title='bbox 386 2710 452 2788; x_wconf 87' lang='lat' dir='ltr'><em>ipso</em></span> <span class='ocrx_word' id='word_1_184' title='bbox 467 2717 566 2783; x_wconf 71' lang='lat' dir='ltr'><em>nant,</em></span> <span class='ocrx_word' id='word_1_185' title='bbox 586 2707 647 2769; x_wconf 82' lang='lat' dir='ltr'><em>sibi</em></span> <span class='ocrx_word' id='word_1_186' title='bbox 653 2706 784 2788; x_wconf 77' lang='lat' dir='ltr'><em>junxit.-</em></span> <span class='ocrx_word' id='word_1_187' title='bbox 806 2707 956 2788; x_wconf 75' lang='lat' dir='ltr'><em>hostisque</em></span> <span class='ocrx_word' id='word_1_188' title='bbox 971 2729 991 2770; x_wconf 89' lang='lat' dir='ltr'><em>a</em></span> <span class='ocrx_word' id='word_1_189' title='bbox 1005 2717 1112 2771; x_wconf 80' lang='lat' dir='ltr'><em>senatu</em></span> <span class='ocrx_word' id='word_1_190' title='bbox 1126 2728 1190 2768; x_wconf 79' lang='lat' dir='ltr'><em>uon</em></span> <span class='ocrx_word' id='word_1_191' title='bbox 1205 2708 1300 2768; x_wconf 89' lang='lat' dir='ltr'><em>omni·</em></span> <span class='ocrx_word' id='word_1_192' title='bbox 1376 2753 1387 2776; x_wconf 84' lang='grc'><strong>.</strong></span> 
     </span>
    </p>
   </div>
   <div class='ocr_carea' id='block_1_9' title="bbox 240 2790 1436 2875">
    <p class='ocr_par' dir='ltr' id='par_1_9' title="bbox 240 2789 1436 2875">
     <span class='ocr_line' id='line_1_26' title="bbox 240 2790 1436 2875; baseline -0.003 -18"><span class='ocrx_word' id='word_1_193' title='bbox 240 2794 303 2869; x_wconf 79' lang='lat' dir='ltr'><em>bus,</em></span> <span class='ocrx_word' id='word_1_194' title='bbox 320 2794 374 2875; x_wconf 76' lang='lat' dir='ltr'><em>qpi</em></span> <span class='ocrx_word' id='word_1_195' title='bbox 387 2793 471 2852; x_wconf 88' lang='lat' dir='ltr'><em>intra</em></span> <span class='ocrx_word' id='word_1_196' title='bbox 479 2791 631 2871; x_wconf 75' lang='lat' dir='ltr'><em>prasidio</em></span> <span class='ocrx_word' id='word_1_197' title='bbox 647 2812 708 2873; x_wconf 61' lang='lat' dir='ltr'><em>qus</em></span> <span class='ocrx_word' id='word_1_198' title='bbox 722 2801 826 2865; x_wconf 88' lang='lat' dir='ltr'><em>essent,</em></span> <span class='ocrx_word' id='word_1_199' title='bbox 838 2790 999 2873; x_wconf 84' lang='lat' dir='ltr'><em>judicatus</em></span> <span class='ocrx_word' id='word_1_200' title='bbox 1017 2803 1070 2856; x_wconf 91' lang='lat' dir='ltr'><em>est.</em></span> <span class='ocrx_word' id='word_1_201' title='bbox 1114 2792 1154 2854; x_wconf 83' lang='lat' dir='ltr'><em>A.</em></span> <span class='ocrx_word' id='word_1_202' title='bbox 1170 2791 1301 2868; x_wconf 79' lang='lat' dir='ltr'><em>Hirtius,</em></span> <span class='ocrx_word' id='word_1_203' title='bbox 1371 2807 1436 2845; x_wconf 83' lang='lat'><em>···</em></span> 
     </span>
    </p>
   </div>
   <div class='ocr_carea' id='block_1_10' title="bbox 239 2875 1302 3217">
    <p class='ocr_par' dir='ltr' id='par_1_10' title="bbox 239 2875 1302 3217">
     <span class='ocr_line' id='line_1_27' title="bbox 240 2875 1300 2962; baseline -0.001 -22"><span class='ocrx_word' id='word_1_204' title='bbox 240 2879 291 2962; x_wconf 80' lang='lat' dir='ltr'><em>q&#39;ui</em></span> <span class='ocrx_word' id='word_1_205' title='bbox 313 2885 385 2958; x_wconf 81' lang='lat' dir='ltr'><em>post</em></span> <span class='ocrx_word' id='word_1_206' title='bbox 409 2877 566 2938; x_wconf 84' lang='lat' dir='ltr'><em>victoriam</em></span> <span class='ocrx_word' id='word_1_207' title='bbox 589 2876 621 2936; x_wconf 85' lang='lat' dir='ltr'><em>in</em></span> <span class='ocrx_word' id='word_1_208' title='bbox 643 2875 719 2956; x_wconf 85' lang='lat' dir='ltr'><em>ipsis</em></span> <span class='ocrx_word' id='word_1_209' title='bbox 741 2876 869 2939; x_wconf 77' lang='lat' dir='ltr'><em>hostium</em></span> <span class='ocrx_word' id='word_1_210' title='bbox 895 2880 1004 2941; x_wconf 81' lang='lat' dir='ltr'><em>castris</em></span> <span class='ocrx_word' id='word_1_211' title='bbox 1025 2878 1184 2950; x_wconf 83' lang='lat' dir='ltr'><em>ceciderat,</em></span> <span class='ocrx_word' id='word_1_212' title='bbox 1210 2886 1239 2938; x_wconf 91' lang='lat' dir='ltr'><em>et</em></span> <span class='ocrx_word' id='word_1_213' title='bbox 1265 2876 1300 2939; x_wconf 87' lang='lat' dir='ltr'><em>C.</em></span> 
     </span>
     <span class='ocr_line' id='line_1_28' title="bbox 239 2961 1301 3045; baseline -0.003 -19"><span class='ocrx_word' id='word_1_214' title='bbox 239 2966 359 3037; x_wconf 77' lang='lat' dir='ltr'><em>Panna,</em></span> <span class='ocrx_word' id='word_1_215' title='bbox 376 2985 393 3023; x_wconf 87' lang='lat' dir='ltr'><em>e</em></span> <span class='ocrx_word' id='word_1_216' title='bbox 407 2963 537 3035; x_wconf 75' lang='lat' dir='ltr'><em>eminere,</em></span> <span class='ocrx_word' id='word_1_217' title='bbox 554 2962 635 3042; x_wconf 84' lang='lat' dir='ltr'><em>quod</em></span> <span class='ocrx_word' id='word_1_218' title='bbox 650 2963 683 3022; x_wconf 89' lang='lat' dir='ltr'><em>in</em></span> <span class='ocrx_word' id='word_1_219' title='bbox 697 2962 823 3025; x_wconf 84' lang='lat' dir='ltr'><em>adverso</em></span> <span class='ocrx_word' id='word_1_220' title='bbox 830 2963 943 3043; x_wconf 87' lang='lat' dir='ltr'><em>proelio</em></span> <span class='ocrx_word' id='word_1_221' title='bbox 953 2973 1120 3045; x_wconf 75' lang='lat' dir='ltr'><em>exceperat,</em></span> <span class='ocrx_word' id='word_1_222' title='bbox 1133 2961 1301 3044; x_wconf 74' lang='lat' dir='ltr'><em>defunctus,</em></span> 
     </span>
     <span class='ocr_line' id='line_1_29' title="bbox 240 3043 1302 3130; baseline -0.003 -19"><span class='ocrx_word' id='word_1_223' title='bbox 240 3051 274 3111; x_wconf 88' lang='lat' dir='ltr'><em>in</em></span> <span class='ocrx_word' id='word_1_224' title='bbox 299 3059 407 3130; x_wconf 87' lang='lat' dir='ltr'><em>cumpo</em></span> <span class='ocrx_word' id='word_1_225' title='bbox 422 3043 554 3109; x_wconf 81' lang='lat' dir='ltr'><em>¹Martio</em></span> <span class='ocrx_word' id='word_1_226' title='bbox 579 3047 686 3126; x_wconf 84' lang='lat' dir='ltr'><em>sepulti</em></span> <span class='ocrx_word' id='word_1_227' title='bbox 707 3056 785 3109; x_wconf 76' lang='lat' dir='ltr'><em>sient.</em></span> <span class='ocrx_word' id='word_1_228' title='bbox 829 3047 984 3111; x_wconf 80' lang='lat' dir='ltr'><em>Adversus</em></span> <span class='ocrx_word' id='word_1_229' title='bbox 1009 3051 1044 3112; x_wconf 85' lang='lat' dir='ltr'><em>C.</em></span> <span class='ocrx_word' id='word_1_230' title='bbox 1073 3049 1229 3123; x_wconf 67' lang='lat' dir='ltr'><em>cessarem,</em></span> <span class='ocrx_word' id='word_1_231' title='bbox 1251 3047 1302 3130; x_wconf 85' lang='lat' dir='ltr'><em>qui</em></span> 
     </span>
     <span class='ocr_line' id='line_1_30' title="bbox 239 3131 1301 3217; baseline -0.004 -20"><span class='ocrx_word' id='word_1_232' title='bbox 239 3134 319 3198; x_wconf 86' lang='lat' dir='ltr'><em>solus</em></span> <span class='ocrx_word' id='word_1_233' title='bbox 343 3155 359 3198; x_wconf 91' lang='lat' dir='ltr'><em>e</em></span> <span class='ocrx_word' id='word_1_234' title='bbox 382 3132 478 3195; x_wconf 81' lang='lat' dir='ltr'><em>tribus</em></span> <span class='ocrx_word' id='word_1_235' title='bbox 501 3131 623 3194; x_wconf 65' lang='lat' dir='ltr'><em>austu</em></span> <span class='ocrx_word' id='word_1_236' title='bbox 641 3142 807 3213; x_wconf 80' lang='lat' dir='ltr'><em>supererat,</em></span> <span class='ocrx_word' id='word_1_237' title='bbox 824 3154 936 3214; x_wconf 81' lang='lat' dir='ltr'><em>pamm</em></span> <span class='ocrx_word' id='word_1_238' title='bbox 953 3143 1063 3217; x_wconf 80' lang='lat' dir='ltr'><em>gratus</em></span> <span class='ocrx_word' id='word_1_239' title='bbox 1080 3142 1197 3196; x_wconf 88' lang='lat' dir='ltr'><em>senatus</em></span> <span class='ocrx_word' id='word_1_240' title='bbox 1208 3133 1301 3215; x_wconf 80' lang='lat' dir='ltr'><em>fait.-</em></span> 
     </span>
    </p>
   </div>
   <div class='ocr_carea' id='block_1_11' title="bbox 240 3217 1447 3303">
    <p class='ocr_par' dir='ltr' id='par_1_11' title="bbox 240 3217 1447 3303">
     <span class='ocr_line' id='line_1_31' title="bbox 240 3217 1447 3303; baseline -0.003 -20"><span class='ocrx_word' id='word_1_241' title='bbox 240 3222 301 3303; x_wconf 84' lang='lat' dir='ltr'><em>qui,</em></span> <span class='ocrx_word' id='word_1_242' title='bbox 321 3220 363 3283; x_wconf 81' lang='lat' dir='ltr'><em>D.</em></span> <span class='ocrx_word' id='word_1_243' title='bbox 381 3221 489 3297; x_wconf 87' lang='lat' dir='ltr'><em>Bruto,</em></span> <span class='ocrx_word' id='word_1_244' title='bbox 503 3217 658 3279; x_wconf 83' lang='lat' dir='ltr'><em>obsidione</em></span> <span class='ocrx_word' id='word_1_245' title='bbox 673 3217 880 3281; x_wconf 89' lang='lat' dir='ltr'><em>Mutinensia</em></span> <span class='ocrx_word' id='word_1_246' title='bbox 898 3221 1017 3282; x_wconf 83' lang='lat' dir='ltr'><em>Ceesarc</em></span> <span class='ocrx_word' id='word_1_247' title='bbox 1035 3219 1174 3295; x_wconf 87' lang='lat' dir='ltr'><em>liberato,</em></span> <span class='ocrx_word' id='word_1_248' title='bbox 1190 3219 1300 3280; x_wconf 76' lang='lat' dir='ltr'><em>honore</em></span> <span class='ocrx_word' id='word_1_249' title='bbox 1418 3263 1423 3276; x_wconf 91' lang='lat'><strong><em>.</em></strong></span> <span class='ocrx_word' id='word_1_250' title='bbox 1446 3255 1447 3266; x_wconf 30' lang='grc' dir='ltr'><strong>κ</strong></span> 
     </span>
    </p>
   </div>
   <div class='ocr_carea' id='block_1_12' title="bbox 166 3303 1300 3557">
    <p class='ocr_par' dir='ltr' id='par_1_12' title="bbox 166 3303 1300 3557">
     <span class='ocr_line' id='line_1_32' title="bbox 166 3303 1300 3386; baseline -0.002 -20"><span class='ocrx_word' id='word_1_251' title='bbox 166 3364 170 3374; x_wconf 89' lang='grc'>,</span> <span class='ocrx_word' id='word_1_252' title='bbox 240 3306 385 3383; x_wconf 76' lang='lat' dir='ltr'><em>triumphi</em></span> <span class='ocrx_word' id='word_1_253' title='bbox 419 3306 544 3377; x_wconf 83' lang='lat' dir='ltr'><em>decreto,</em></span> <span class='ocrx_word' id='word_1_254' title='bbox 577 3303 709 3365; x_wconf 66' lang='lat' dir='ltr'><em>Caesaris</em></span> <span class='ocrx_word' id='word_1_255' title='bbox 736 3304 919 3386; x_wconf 87' lang='lat' dir='ltr'><em>militumque</em></span> <span class='ocrx_word' id='word_1_256' title='bbox 947 3304 1010 3386; x_wconf 64' lang='lat' dir='ltr'><em>ejus</em></span> <span class='ocrx_word' id='word_1_257' title='bbox 1038 3306 1212 3366; x_wconf 88' lang='lat' dir='ltr'><em>mentionem</em></span> <span class='ocrx_word' id='word_1_258' title='bbox 1240 3323 1300 3364; x_wconf 87' lang='lat' dir='ltr'><em>non</em></span> 
     </span>
     <span class='ocr_line' id='line_1_33' title="bbox 239 3387 1298 3471; baseline -0.003 -19"><span class='ocrx_word' id='word_1_259' title='bbox 239 3392 318 3452; x_wconf 88' lang='lat' dir='ltr'><em>satis</em></span> <span class='ocrx_word' id='word_1_260' title='bbox 337 3398 459 3470; x_wconf 82' lang='lat' dir='ltr'><em>gratam</em></span> <span class='ocrx_word' id='word_1_261' title='bbox 478 3387 602 3449; x_wconf 75' lang='lat' dir='ltr'><em>naluit:</em></span> <span class='ocrx_word' id='word_1_262' title='bbox 625 3387 745 3471; x_wconf 77' lang='lat' dir='ltr'><em>obque</em></span> <span class='ocrx_word' id='word_1_263' title='bbox 764 3390 799 3452; x_wconf 89' lang='lat' dir='ltr'><em>C.</em></span> <span class='ocrx_word' id='word_1_264' title='bbox 824 3390 936 3464; x_wconf 83' lang='lat' dir='ltr'><em>Caesar,</em></span> <span class='ocrx_word' id='word_1_265' title='bbox 957 3389 1152 3452; x_wconf 84' lang='lat' dir='ltr'><em>reconciliato</em></span> <span class='ocrx_word' id='word_1_266' title='bbox 1166 3409 1227 3469; x_wconf 86' lang='lat' dir='ltr'><em>per</em></span> <span class='ocrx_word' id='word_1_267' title='bbox 1248 3387 1298 3449; x_wconf 86' lang='lat' dir='ltr'><em>M.</em></span> 
     </span>
     <span class='ocr_line' id='line_1_34' title="bbox 240 3473 1298 3557; baseline 0.001 -23"><span class='ocrx_word' id='word_1_268' title='bbox 240 3473 388 3555; x_wconf 86' lang='lat' dir='ltr'><em>Lepidum</em></span> <span class='ocrx_word' id='word_1_269' title='bbox 403 3494 466 3534; x_wconf 74' lang='lat' dir='ltr'><em>cnam</em></span> <span class='ocrx_word' id='word_1_270' title='bbox 482 3473 531 3534; x_wconf 89' lang='lat' dir='ltr'><em>M.</em></span> <span class='ocrx_word' id='word_1_271' title='bbox 543 3475 677 3536; x_wconf 87' lang='lat' dir='ltr'><em>Antonio</em></span> <span class='ocrx_word' id='word_1_272' title='bbox 689 3475 808 3557; x_wconf 83' lang='lat' dir='ltr'><em>gratia,</em></span> <span class='ocrx_word' id='word_1_273' title='bbox 823 3474 951 3536; x_wconf 86' lang='lat' dir='ltr'><em>Romam</em></span> <span class='ocrx_word' id='word_1_274' title='bbox 972 3495 1036 3536; x_wconf 76' lang='lat' dir='ltr'><em>uem</em></span> <span class='ocrx_word' id='word_1_275' title='bbox 1058 3476 1190 3536; x_wconf 72' lang='lat' dir='ltr'><em>exercitu</em></span> <span class='ocrx_word' id='word_1_276' title='bbox 1204 3475 1298 3548; x_wconf 81' lang='lat' dir='ltr'><em>venit,</em></span> 
     </span>
    </p>
   </div>
   <div class='ocr_carea' id='block_1_13' title="bbox 237 3656 1303 4225">
    <p class='ocr_par' dir='ltr' id='par_1_13' title="bbox 237 3656 1300 3848">
     <span class='ocr_line' id='line_1_35' title="bbox 239 3656 1300 3719; baseline 0.002 -17"><span class='ocrx_word' id='word_1_277' title='bbox 239 3657 290 3703; x_wconf 80' lang='lat' dir='ltr'><em>sive</em></span> <span class='ocrx_word' id='word_1_278' title='bbox 300 3656 325 3702; x_wconf 80' lang='lat' dir='ltr'><em>ol</em></span> <span class='ocrx_word' id='word_1_279' title='bbox 335 3657 447 3702; x_wconf 57' lang='lat' dir='ltr'><em>ffliam</em></span> <span class='ocrx_word' id='word_1_280' title='bbox 457 3656 497 3702; x_wconf 83' lang='lat' dir='ltr'><em>M.</em></span> <span class='ocrx_word' id='word_1_281' title='bbox 509 3657 615 3712; x_wconf 81' lang='lat' dir='ltr'><em>Antonii,</em></span> <span class='ocrx_word' id='word_1_282' title='bbox 623 3660 710 3718; x_wconf 79' lang='lat' dir='ltr'><em>passim</em></span> <span class='ocrx_word' id='word_1_283' title='bbox 727 3660 752 3704; x_wconf 87' lang='lat' dir='ltr'><em>in</em></span> <span class='ocrx_word' id='word_1_284' title='bbox 784 3659 882 3718; x_wconf 78' lang='lat' dir='ltr'><em>cepisse,</em></span> <span class='ocrx_word' id='word_1_285' title='bbox 890 3660 991 3719; x_wconf 81' lang='lat' dir='ltr'><em>privatis</em></span> <span class='ocrx_word' id='word_1_286' title='bbox 1001 3661 1075 3705; x_wconf 74' lang='lat' dir='ltr'><em>umis</em></span> <span class='ocrx_word' id='word_1_287' title='bbox 1091 3659 1225 3705; x_wconf 72' lang='lat' dir='ltr'><em>defendisse</em></span> <span class='ocrx_word' id='word_1_288' title='bbox 1236 3670 1300 3704; x_wconf 79' lang='lat' dir='ltr'><em>rem·</em></span> 
     </span>
     <span class='ocr_line' id='line_1_36' title="bbox 237 3717 1231 3784; baseline 0.005 -18"><span class='ocrx_word' id='word_1_289' title='bbox 237 3721 319 3766; x_wconf 72' lang='lat' dir='ltr'><em>unm</em></span> <span class='ocrx_word' id='word_1_290' title='bbox 348 3722 397 3766; x_wconf 79' lang='lat' dir='ltr'><em>ruis</em></span> <span class='ocrx_word' id='word_1_291' title='bbox 422 3720 558 3767; x_wconf 78' lang='lat' dir='ltr'><em>trucidantis</em></span> <span class='ocrx_word' id='word_1_292' title='bbox 587 3724 628 3780; x_wconf 84' lang='lat' dir='ltr'><em>qut</em></span> <span class='ocrx_word' id='word_1_293' title='bbox 656 3723 753 3782; x_wconf 72' lang='lat' dir='ltr'><em>suspecti</em></span> <span class='ocrx_word' id='word_1_294' title='bbox 783 3724 955 3784; x_wconf 70' lang='lat' dir='ltr'><em>publicam..</em></span> <span class='ocrx_word' id='word_1_295' title='bbox 1227 3717 1231 3725; x_wconf 60' lang='lat'><strong>¹</strong></span> 
     </span>
     <span class='ocr_line' id='line_1_37' title="bbox 237 3784 1300 3848; baseline 0 -18"><span class='ocrx_word' id='word_1_296' title='bbox 237 3784 350 3840; x_wconf 61' lang='lat' dir='ltr'><em>mantal</em></span> <span class='ocrx_word' id='word_1_297' title='bbox 359 3784 473 3831; x_wconf 80' lang='lat' dir='ltr'><em>Casarcm</em></span> <span class='ocrx_word' id='word_1_298' title='bbox 483 3784 630 3830; x_wconf 65' lang='lat' dir='ltr'><em>induerunt.</em></span> <span class='ocrx_word' id='word_1_299' title='bbox 815 3786 1001 3848; x_wconf 81' lang='lat' dir='ltr'><em>3Proproetoris</em></span> <span class='ocrx_word' id='word_1_300' title='bbox 1017 3785 1153 3847; x_wconf 76' lang='lat' dir='ltr'><em>imparium]</em></span> <span class='ocrx_word' id='word_1_301' title='bbox 1171 3786 1231 3831; x_wconf 72' lang='lat' dir='ltr'><em>Haec</em></span> <span class='ocrx_word' id='word_1_302' title='bbox 1249 3798 1300 3830; x_wconf 80' lang='lat' dir='ltr'><em>ces·</em></span> 
     </span>
    </p>

    <p class='ocr_par' dir='ltr' id='par_1_14' title="bbox 237 3846 1303 4225">
     <span class='ocr_line' id='line_1_38' title="bbox 269 3846 1299 3911; baseline 0.001 -18"><span class='ocrx_word' id='word_1_303' title='bbox 269 3847 586 3908; x_wconf 70' lang='lat' dir='ltr'><em>nostprtmmretpmttoa</em></span> <span class='ocrx_word' id='word_1_304' title='bbox 599 3861 665 3892; x_wconf 74' lang='lat' dir='ltr'><em>arnna</em></span> <span class='ocrx_word' id='word_1_305' title='bbox 675 3862 752 3908; x_wconf 82' lang='lat' dir='ltr'><em>sump-</em></span> <span class='ocrx_word' id='word_1_306' title='bbox 784 3851 877 3896; x_wconf 80' lang='lat' dir='ltr'><em>tissima</em></span> <span class='ocrx_word' id='word_1_307' title='bbox 898 3860 934 3897; x_wconf 81' lang='lat' dir='ltr'><em>est</em></span> <span class='ocrx_word' id='word_1_308' title='bbox 953 3851 1044 3911; x_wconf 80' lang='lat' dir='ltr'><em>Sigonii</em></span> <span class='ocrx_word' id='word_1_309' title='bbox 1062 3846 1207 3911; x_wconf 78' lang='lat' dir='ltr'><em>conjectura.</em></span> <span class='ocrx_word' id='word_1_310' title='bbox 1241 3849 1299 3894; x_wconf 82' lang='lat' dir='ltr'><em>th.</em></span> 
     </span>
     <span class='ocr_line' id='line_1_39' title="bbox 237 3910 1301 3974; baseline 0.004 -18"><span class='ocrx_word' id='word_1_311' title='bbox 237 3910 309 3972; x_wconf 83' lang='lat' dir='ltr'><em>serat}</em></span> <span class='ocrx_word' id='word_1_312' title='bbox 322 3912 387 3972; x_wconf 75' lang='lat' dir='ltr'><em>Lege</em></span> <span class='ocrx_word' id='word_1_313' title='bbox 405 3926 463 3958; x_wconf 88' lang='lat' dir='ltr'><em>cum</em></span> <span class='ocrx_word' id='word_1_314' title='bbox 480 3911 599 3957; x_wconf 84' lang='lat' dir='ltr'><em>Gronovio</em></span> <span class='ocrx_word' id='word_1_315' title='bbox 618 3912 658 3968; x_wconf 84' lang='lat' dir='ltr'><em>qut</em></span> <span class='ocrx_word' id='word_1_316' title='bbox 669 3911 752 3970; x_wconf 77' lang='lat' dir='ltr'><em>priva·</em></span> <span class='ocrx_word' id='word_1_317' title='bbox 784 3914 855 3968; x_wconf 81' lang='lat' dir='ltr'><em>intra,</em></span> <span class='ocrx_word' id='word_1_318' title='bbox 867 3928 887 3960; x_wconf 88' lang='lat' dir='ltr'><em>c.</em></span> <span class='ocrx_word' id='word_1_319' title='bbox 901 3916 938 3962; x_wconf 90' lang='lat'><em>10.</em></span> <span class='ocrx_word' id='word_1_320' title='bbox 955 3917 1043 3968; x_wconf 76' lang='lat' dir='ltr'><em>Antea,</em></span> <span class='ocrx_word' id='word_1_321' title='bbox 1051 3911 1301 3974; x_wconf 76' lang='lat' dir='ltr'><em>propopulollomono</em></span> 
     </span>
     <span class='ocr_line' id='line_1_40' title="bbox 237 3975 1300 4036; baseline 0.002 -18"><span class='ocrx_word' id='word_1_322' title='bbox 237 3978 275 4018; x_wconf 85' lang='lat' dir='ltr'><em>tue</em></span> <span class='ocrx_word' id='word_1_323' title='bbox 302 3988 348 4033; x_wconf 82' lang='lat' dir='ltr'><em>pro</em></span> <span class='ocrx_word' id='word_1_324' title='bbox 377 3975 489 4034; x_wconf 68' lang='lat' dir='ltr'><em>republica</em></span> <span class='ocrx_word' id='word_1_325' title='bbox 520 3988 586 4019; x_wconf 67' lang='lat' dir='ltr'><em>arnna</em></span> <span class='ocrx_word' id='word_1_326' title='bbox 617 3978 751 4033; x_wconf 77' lang='lat' dir='ltr'><em>sumpserat.</em></span> <span class='ocrx_word' id='word_1_327' title='bbox 784 3977 913 4036; x_wconf 71' lang='lat' dir='ltr'><em>imperium</em></span> <span class='ocrx_word' id='word_1_328' title='bbox 947 3978 1078 4034; x_wconf 84' lang='lat' dir='ltr'><em>Nimirum,</em></span> <span class='ocrx_word' id='word_1_329' title='bbox 1090 3985 1118 4024; x_wconf 86' lang='lat' dir='ltr'><em>ut</em></span> <span class='ocrx_word' id='word_1_330' title='bbox 1129 3989 1193 4035; x_wconf 76' lang='lat' dir='ltr'><em>saepe</em></span> <span class='ocrx_word' id='word_1_331' title='bbox 1207 3976 1300 4020; x_wconf 74' lang='lat' dir='ltr'><em>fuctum</em></span> 
     </span>
     <span class='ocr_line' id='line_1_41' title="bbox 237 4035 1301 4099; baseline 0.001 -18"><span class='ocrx_word' id='word_1_332' title='bbox 237 4035 330 4083; x_wconf 76' lang='lat' dir='ltr'><em>Possim</em></span> <span class='ocrx_word' id='word_1_333' title='bbox 344 4052 360 4083; x_wconf 83' lang='lat' dir='ltr'><em>o</em></span> <span class='ocrx_word' id='word_1_334' title='bbox 374 4040 495 4091; x_wconf 80' lang='lat' dir='ltr'><em>Cioerone.</em></span> <span class='ocrx_word' id='word_1_335' title='bbox 508 4037 610 4092; x_wconf 83' lang='lat' dir='ltr'><em>Velleio,</em></span> <span class='ocrx_word' id='word_1_336' title='bbox 622 4036 714 4091; x_wconf 80' lang='lat' dir='ltr'><em>Tacito,</em></span> <span class='ocrx_word' id='word_1_337' title='bbox 727 4044 752 4082; x_wconf 84' lang='lat' dir='ltr'><em>et</em></span> <span class='ocrx_word' id='word_1_338' title='bbox 784 4045 830 4093; x_wconf 75' lang='lat' dir='ltr'><em>est,</em></span> <span class='ocrx_word' id='word_1_339' title='bbox 850 4042 935 4088; x_wconf 66' lang='lat' dir='ltr'><em>littora</em></span> <span class='ocrx_word' id='word_1_340' title='bbox 947 4041 1004 4089; x_wconf 85' lang='lat' dir='ltr'><em>PR.</em></span> <span class='ocrx_word' id='word_1_341' title='bbox 1017 4044 1149 4089; x_wconf 74' lang='lat' dir='ltr'><em>serihamm</em></span> <span class='ocrx_word' id='word_1_342' title='bbox 1165 4038 1301 4099; x_wconf 72' lang='lat' dir='ltr'><em>ignorantia</em></span> 
     </span>
     <span class='ocr_line' id='line_1_42' title="bbox 237 4100 1303 4162; baseline 0.002 -16"><span class='ocrx_word' id='word_1_343' title='bbox 237 4101 322 4146; x_wconf 74' lang='lat' dir='ltr'><em>ceum</em></span> <span class='ocrx_word' id='word_1_344' title='bbox 340 4102 502 4160; x_wconf 82' lang='lat' dir='ltr'><em>scripton&#39;bus,</em></span> <span class='ocrx_word' id='word_1_345' title='bbox 519 4101 565 4147; x_wconf 87' lang='lat' dir='ltr'><em>hoc</em></span> <span class='ocrx_word' id='word_1_346' title='bbox 583 4100 666 4147; x_wconf 83' lang='lat' dir='ltr'><em>sedulo</em></span> <span class='ocrx_word' id='word_1_347' title='bbox 684 4103 753 4146; x_wconf 81' lang='lat' dir='ltr'><em>noto·</em></span> <span class='ocrx_word' id='word_1_348' title='bbox 785 4104 822 4148; x_wconf 80' lang='lat' dir='ltr'><em>vel</em></span> <span class='ocrx_word' id='word_1_349' title='bbox 833 4106 924 4152; x_wconf 71' lang='lat' dir='ltr'><em>insistis</em></span> <span class='ocrx_word' id='word_1_350' title='bbox 932 4100 1303 4162; x_wconf 73' lang='lat' dir='ltr'><em>ahiemnttnhssvoeospopato</em></span> 
     </span>
     <span class='ocr_line' id='line_1_43' title="bbox 237 4164 894 4225; baseline 0.012 -19"><span class='ocrx_word' id='word_1_351' title='bbox 237 4168 286 4214; x_wconf 76' lang='lat' dir='ltr'><em>tur,</em></span> <span class='ocrx_word' id='word_1_352' title='bbox 308 4165 435 4212; x_wconf 80' lang='lat' dir='ltr'><em>Octavium</em></span> <span class='ocrx_word' id='word_1_353' title='bbox 452 4166 548 4225; x_wconf 83' lang='lat' dir='ltr'><em>privato</em></span> <span class='ocrx_word' id='word_1_354' title='bbox 565 4164 665 4212; x_wconf 75' lang='lat' dir='ltr'><em>consitio</em></span> <span class='ocrx_word' id='word_1_355' title='bbox 683 4169 759 4210; x_wconf 74' lang='lat' dir='ltr'><em>arm</em></span> <span class='ocrx_word' id='word_1_356' title='bbox 784 4165 894 4214; x_wconf 74' lang='lat' dir='ltr'><em>Bouiano.</em></span> 
     </span>
    </p>
   </div>
   <div class='ocr_carea' id='block_1_14' title="bbox 0 0 1476 4750">
    <p class='ocr_par' dir='ltr' id='par_1_15' title="bbox 0 0 1476 4750">
     <span class='ocr_line' id='line_1_44' title="bbox 0 0 1476 4750; baseline 0 2"><span class='ocrx_word' id='word_1_357' title='bbox 0 0 1476 4750; x_wconf 95' lang='lat' dir='ltr'><em> </em></span> 
     </span>
    </p>
   </div>
  </div>
 </body>
</html>
