2942 4750
276 127 335 182 214
660 121 767 180 ΤΙΤῙ
798 118 933 179 u1v11

119 303 256 352 usust.
281 280 321 350 e'n
345 283 491 366 Capitolio
508 292 628 365 prope⁸
641 281 712 362 jam
734 284 939 365 erspirantem
961 283 1051 345 oeni:
1080 301 1176 365 neque
1199 302 1238 344 aa
1257 289 1352 345 tarrta

119 371 151 417 Α
164 366 257 416 01⁶⁷·
282 373 378 453 stirpe
398 366 520 431 liberrim
540 377 684 448 superest,
711 368 763 450 qni
785 368 828 432 L.
844 367 972 430 AEmilii
996 367 1106 430 Paulli
1123 388 1230 430 nomm
1245 365 1353 447 serat.

285 459 375 527 Duos
389 456 481 532 enim,
490 462 645 536 tamquam
656 475 693 514 er
706 453 974 536 magnaprogarie
983 452 1144 516 liberonrm
1159 454 1192 514 in
1207 453 1355 533 adaptio-

284 563 350 606 nem
372 542 469 610 datos,
494 537 682 603 Corneliaet
696 538 797 601 Fabia
816 559 892 620 gens
913 537 1042 612 liabenl3
1067 538 1176 601 Paulli
1196 539 1231 599 in
1253 538 1354 613 domn

281 624 398 710 prater
411 645 451 699 se,
469 644 552 684 nemo
568 633 713 703 superest.
749 623 809 687 Sed
821 623 900 685 lans
914 624 1027 685 cladem
1041 624 1144 686 domas
1156 643 1229 686 meae
1251 630 1358 685 vestra

279 711 418 794 felicitas
433 717 462 770 et
475 709 603 769 semrtda
608 705 740 788 fortuna
749 708 874 789 publica
887 709 1067 770 consolatur.
1276 758 1277 761 η

332 793 441 857 XLII.
466 791 559 867 Hoec‚
576 803 666 854 tanto
680 792 766 856 dicta
780 792 898 868 animo,
916 792 1016 891 magis
1035 791 1206 855 confudere
1220 790 1358 855 audien-

288 881 369 945 tium
385 877 518 958 animos,
534 879 668 965 quamsi
685 877 903 941 miserabiliter
914 877 1086 941 orbitatem
1101 899 1191 941 suam
1205 876 1357 940 deflendo

289 968 413 1028 locutus
428 973 519 1026 esset.
564 963 627 1028 Cn.
644 961 798 1027 Octavius
815 961 968 1026 Kalendis
983 963 1212 1027 Decembribus
1226 964 1266 1026 de
1279 982 1360 1061 rege

130 1060 281 1118 Triumphus
291 1046 409 1115 Perseo
426 1049 567 1112 navalem
583 1049 780 1134 triumphum
795 1047 869 1134 egit.
915 1046 948 1112 Is
962 1046 1143 1129 triumphus
1165 1050 1232 1112 sine
1252 1061 1358 1131 capn-

127 1123 274 1234 ffi‘iffff
292 1137 338 1215 vis
362 1135 431 1212 fuit,
457 1136 524 1197 sine
552 1134 672 1218 spoliis.
716 1132 818 1200 Dedit
847 1133 938 1196 sociis
965 1133 1131 1197 navalibus
1155 1134 1188 1196 in
1213 1131 1357 1219 singulos

293 1227 314 1257 ¹⁰
322 1221 468 1284 denarios
489 1234 698 1307 septuagenos
719 1220 847 1306 qniu0s3
869 1218 1144 1300 gubernatoribus,
1161 1217 1216 1302 qui
1238 1219 1273 1283 iu
1298 1239 1358 1282 na·

293 1307 383 1383 ¹vibus
416 1305 552 1385 fuerant,
585 1305 722 1388 duplex3
757 1310 775 1340 ¹¹
789 1304 946 1389 magistris
981 1305 1107 1366 narium
1146 1302 1359 1387 quadruplex.

257 1461 264 1473 ,
294 1393 426 1455 Senatus
442 1390 558 1454 deinde
571 1391 698 1454 habitus
712 1403 770 1454 est.
815 1389 926 1453 Patres
950 1402 1150 1464 censuerunt,
1165 1400 1202 1450 ut
1216 1387 1260 1463 Q.
1277 1387 1358 1452 Cas·

132 1491 233 1538 Perseus
244 1477 357 1540 ansius
374 1477 488 1540 Persea
503 1498 609 1558 regem
630 1498 703 1541 cum
718 1474 904 1539 Alexandro
919 1473 985 1537 lilio
1000 1474 1116 1538 Albam
1132 1474 1165 1537 in
1180 1473 1358 1539 custodiam

132 1556 190 1601 Μ
200 1555 258 1602 ⁸²³⁸·
294 1562 439 1638 ducerem
455 1563 601 1639 comites,
616 1561 793 1640 pecuniam,
809 1571 986 1640 argentum,
1002 1560 1247 1624 instrumentum
1267 1558 1358 1644 quod

131 1632 180 1665 ’ω’
294 1646 436 1712 haberet.
460 1646 550 1722 Bitia,
561 1645 643 1730 regis
658 1646 822 1710 Thracum
834 1647 929 1723 filius,
942 1668 1014 1709 eum
1029 1646 1189 1709 obsidibus
1202 1646 1238 1708 in
1252 1657 1359 1709 custo-

275 1798 280 1811 ,
295 1734 378 1797 diam
391 1730 557 1796 Carseolos
568 1743 615 1793 est
628 1731 749 1794 missus.
781 1731 912 1795 Ceteros
923 1730 1073 1812 captivos,
1085 1731 1181 1816 quiin
1195 1729 1361 1815 triumpho

295 1819 383 1883 ducti
398 1811 498 1893 aiant,
515 1816 546 1879 in
572 1836 728 1879 carcerem
754 1817 849 1879 condi
873 1816 1004 1900 placuit.
1049 1818 1168 1880 Paucos
1190 1829 1264 1900 post
1283 1816 1360 1894 dies,

297 1925 393 1988 quam
415 1902 486 1965 haec
507 1915 588 1981 acta,
611 1901 705 1988 legati
725 1902 766 1965 ab
790 1901 892 1987 Cotye
911 1924 986 1985 rege
1005 1901 1169 1965 Thracum
1191 1915 1361 1980 venerunt,

296 1988 463 2075 pecuniam
479 1986 521 2049 ad
536 1985 754 2051 redimendum
770 1986 872 2049 filiurn
892 1985 1030 2073 aliosque
1049 1986 1173 2050 obsides
1187 1985 1363 2070 adportan-

297 2086 354 2138 tes.
399 2071 465 2148 Eis,
484 2072 515 2132 in
541 2087 684 2135 senatum
708 2071 907 2148 introductis,
923 2088 956 2134 et
971 2077 990 2107 ¹²
1000 2070 1033 2134 id
1054 2071 1158 2157 ipsum
1180 2070 1362 2158 argumenti

296 2157 565 2258 praetendentibus
589 2157 750 2233 orationis,
777 2178 842 2221 non
867 2178 923 2219 sua
950 2155 1111 2221 voluntate
1141 2157 1248 2242 Cotyn
1276 2156 1363 2221 bello

293 2241 411 2328 Juvisse
433 2241 560 2319 Persea,
577 2243 662 2328 quod
684 2242 810 2307 obsides
831 2242 908 2306 dare
929 2255 1055 2306 coactus
1076 2254 1165 2318 esset,
1181 2242 1363 2307 orantibus-
1437 2249 1445 2267 '

298 2350 370 2416 que,
388 2338 423 2392 ut
445 2350 499 2392 eos
520 2331 633 2414 pretio,
650 2343 803 2415 quantum
826 2329 888 2412 ipsi
909 2328 1089 2392 statuissent
1113 2327 1232 2405 Patres,
1248 2327 1363 2393 redimi

299 2427 493 2500 paterentur,
510 2436 697 2500 responsum
711 2438 753 2479 ex
767 2413 955 2481 auctoritate
973 2425 1098 2477 senatus
1119 2427 1186 2477 est:
1211 2416 1362 2495 Populum

299 2501 473 2565 Romanam
494 2504 659 2566 meminisse
681 2504 837 2580 amicitia,
852 2520 920 2584 qna
941 2521 1007 2562 arm
1027 2502 1131 2583 Cotye,
1145 2498 1365 2584 majoribusque

299 2586 373 2669 ejas,
395 2596 426 2648 et
444 2597 537 2669 gente
563 2588 711 2649 Thracum
719 2587 850 2668 fuisset.
896 2585 1024 2649 Obsides
1051 2587 1137 2648 datos
1157 2586 1281 2661 crimerr,
1304 2606 1364 2649 non

299 2670 431 2732 criminis
452 2667 660 2748 defensionem,
687 2692 768 2733 esse.-
800 2692 888 2753 quum
915 2672 1067 2734 Tironem
1083 2672 1172 2754 genti
1191 2692 1228 2733 ne
1248 2672 1365 2753 quidm

222 2793 229 2799 -
302 2755 423 2837 quidem
453 2753 593 2828 Perseus,
618 2757 723 2817 nedum
752 2755 828 2818 bello
849 2756 993 2819 Romano
1018 2764 1187 2837 usurpatas,
1216 2757 1365 2819 timendas
1398 2811 1409 2835 ,

293 2835 406 2918 faerit.
453 2838 599 2917 Ceterum,
616 2841 673 2902 etsi
691 2840 779 2923 Cotys
791 2841 899 2904 Persei
908 2833 1042 2925 'gratim
1059 2842 1246 2924 praetulisset
1265 2827 1386 2913 amici‘

302 2922 355 2987 lia
372 2924 481 3005 populi
495 2924 640 2999 Romani,
657 2927 766 3008 magis,
789 2928 863 3010 quid
885 2949 917 2990 se
939 2929 1064 3011 dignam
1089 2936 1173 3004 esset,
1190 2948 1279 3010 quam
1294 2927 1368 3010 qnid

303 3009 409 3072 merito
438 3008 500 3091 try'us
514 3011 593 3090 fieri
615 3021 727 3091 posset,
755 3012 987 3075 restincturum.-
1004 3013 1115 3095 filiam
1139 3022 1230 3095 alque
1250 3012 1366 3076 obsides

303 3096 334 3158 ei
347 3096 549 3158 remissurum.
593 3097 748 3177 Beneficia
761 3099 902 3180 gratuita
923 3119 984 3161 esse
999 3098 1110 3179 populi
1122 3097 1275 3160 Romani.-
1290 3118 1366 3180 pre·

306 3182 380 3244 nam
401 3202 505 3243 eornm
526 3182 618 3243 malle
635 3184 806 3265 relinquere
834 3184 868 3245 in
896 3185 1108 3264 acemientium
1129 3183 1254 3258 animis,
1277 3202 1366 3266 quam
1425 3246 1449 3268 ..

298 3286 436 3347 pratens
446 3267 576 3348 erigere.
613 3265 661 3330 Le
683 3267 727 3333 ati
740 3266 903 3343 nominati,
920 3267 961 3331 T.
974 3266 1146 3342 Quinctius
1157 3265 1365 3348 Flamininus,

307 3349 346 3412 C.
366 3348 506 3411 Licinius
528 3350 645 3428 Nerva,
660 3289 717 3415 bl.
745 3353 899 3416 Caninius
931 3353 1072 3428 Rebilus,
1095 3352 1151 3438 qui
1179 3351 1304 3416 obsides
1332 3352 1366 3414 in

305 3431 477 3497 Thraciam
491 3434 695 3500 reducerent:
719 3449 751 3501 et
766 3437 947 3509 'l'hracibus
968 3459 1101 3502 munera
1121 3436 1196 3501 data
1210 3439 1243 3501 in
1259 3437 1366 3524 singu·

336 3558 432 3602 team
441 3570 470 3602 en
482 3558 595 3617 Capilolla
605 3560 635 3606 ad
644 3562 823 3623 altmampropr
832 3565 874 3609 ete.
891 3562 965 3609 Gran·
976 3572 1048 3606 enm
1057 3560 1082 3605 ia
1094 3556 1267 3623 [Capitolium]
1280 3573 1310 3607 at·
1323 3560 1367 3609 Ca·
1402 3569 1406 3580 '

301 3619 385 3693 pundo
395 3618 439 3680 [ad
449 3621 566 3683 alnruml
573 3637 646 3684 prope
655 3630 697 3671 etc.
709 3626 778 3673 crea.

258 3779 262 3786 ‚
305 3720 337 3767 ad
361 3721 460 3767 alterum
483 3734 556 3781 prope
576 3725 630 3785 jam
655 3723 820 3790 suspirantem]
885 3728 915 3776 12
931 3726 1046 3786 idipsam
1059 3725 1367 3786 armauitpraeundnsti·

307 3779 412 3832 Unicum
430 3786 554 3844 exemplar
571 3787 656 3835 habult
677 3804 774 3837 carram
791 3805 820 3838 es
851 3791 892 3838 lar
919 3789 1041 3852 oratiarrirl
1068 3789 1133 3849 Lege
1160 3803 1218 3836 cum
1247 3790 1368 3837 Gromr'm

307 3848 731 3912 Capitallopropejamccspirantem.
764 3855 820 3901 Cor·
851 3856 957 3902 murnai.
996 3852 1080 3908 uuum
1101 3854 1300 3914 umentem
1321 3866 1369 3900 nau

305 3913 369 3959 rexit
379 3919 403 3959 et
412 3914 532 3972 supplevit
543 3915 652 3962 Ursinus.
851 3932 896 3965 sua
912 3920 1036 3964 voluntate
1051 3912 1144 3977 juvisse
1156 3916 1252 3971 Persea,
1263 3918 1370 3977 imposui

343 3977 374 4023 10
395 3976 511 4025 Denarior
544 3983 691 4040 septumum
725 3977 820 4043 amnes]
851 3982 990 4044 argumenti
999 3981 1181 4040 metendebaut
1196 3981 1310 4039 matiam,
1320 3981 1372 4038 siva¹

307 4038 395 4090 unua
410 4042 504 4104 argenti
521 4041 544 4087 9.
559 4056 660 4103 parm,
680 4049 708 4089 ut
724 4051 819 4100 vocant,
851 4059 881 4092 eo
897 4048 950 4105 ipso
966 4051 1111 4106 argumento
1122 4044 1195 4093 uuam
1205 4045 1285 4091 ἡαπ
1300 4056 1371 4090 muu-

306 4099 331 4147 3.
586 4135 592 4146 .
853 4109 1050 4157 banmrorsuoni
1059 4109 1370 4169 summasunmna

304 4165 368 4274 filli
377 4165 631 4279 gffimgml
648 4168 706 4216 vir.
718 4176 769 4219 not.
781 4171 821 4219 89.
852 4178 1026 4221 coacturum·

467 4244 506 4278 θα
