2942 4750
12 475 20 529 i

12 550 23 677 i

201 628 459 715 JOANNIS
488 633 814 720 FREDERICI
844 634 1158 726 GRONOVII-

313 814 983 1000 ''rnmnarro
1113 962 1118 973 .

494 1169 560 1234 AD
583 1168 859 1238 LECTOREM.

132 1543 191 1650 Si
205 1604 286 1669 opus
300 1587 390 1661 esset,
406 1583 506 1648 amice
519 1582 630 1660 lector,
645 1604 710 1647 non
734 1604 883 1669 gravarer
898 1581 955 1650 tibi
976 1585 1105 1675 longam
1122 1589 1163 1653 de
1178 1588 1221 1657 Τ.

130 1670 227 1736 Livio
238 1669 377 1734 fabulam
392 1690 513 1733 sereres
536 1671 675 1755 suppetit
688 1670 774 1733 euim
788 1671 929 1761 materia.
952 1671 1005 1736 sed
1017 1685 1140 1737 tautum
1154 1674 1222 1738 dic·

131 1770 201 1820 tum
216 1766 276 1835 est,
291 1767 327 1818 ut
342 1754 488 1839 quaedam
502 1776 568 1818 non
591 1777 658 1818 esse
673 1754 760 1819 dicta
780 1766 953 1840 praestaret,
970 1769 1002 1820 et
1021 1757 1149 1822 iliorum
1165 1759 1223 1822 ali·

131 1841 217 1905 unde
230 1861 346 1925 gnarus
361 1840 394 1903 in
410 1841 471 1904 boc
492 1850 578 1904 certe
590 1840 720 1904 schedio
740 1840 801 1904 alia
815 1842 950 1905 lectione
974 1843 1072 1905 maris
1087 1845 1221 1908 avocari.

133 1925 210 1990 Hoc
224 1925 323 2009 igitur
336 1938 498 2009 exspectas
508 1927 624 2011 potius,
640 1938 686 2004 ut,
699 1947 763 2011 qua
777 1926 893 1990 fiducia
903 1928 960 1991 sim
977 1949 1141 2015 aggressus
1154 1948 1223 1993 rem

130 2012 263 2074 minime
277 2011 413 2111 vulgaris
428 2013 535 2090 animi,
552 2032 647 2097 quam
664 2034 715 2076 me
729 2033 891 2089 ausurum,
907 2025 944 2076 ut
957 2014 1002 2077 sic
1021 2013 1134 2092 dicam,
1151 2026 1225 2079 ante

130 2097 234 2172 tubas,
250 2108 283 2159 et
296 2118 480 2181 priusquam
494 2119 651 2180 poscerer‚
668 2118 709 2159 ne
724 2099 796 2196 ipse·
805 2097 933 2181 quidem
955 2097 1086 2178 credidi,
1101 2114 1138 2163 ut
1151 2122 1224 2183 per·

132 2182 235 2267 petuis
250 2183 333 2244 notis
353 2180 493 2245 historiae
519 2182 675 2244 Romanae
694 2200 872 2264 principem
892 2182 1139 2249 emendatiorem
1152 2184 1226 2248 red·

133 2267 209 2331 dere
223 2287 367 2346 conarer,
381 2265 435 2328 bic
449 2266 482 2327 in
498 2265 607 2327 limine
621 2264 800 2328 edisseram.
846 2264 913 2327 Ubi
926 2267 1065 2349 primum
1078 2267 1159 2332 iilud
1174 2290 1225 2332 re·

132 2353 244 2418 lictum
258 2350 449 2436 aptioribus
471 2348 645 2434 occupabo,
661 2362 696 2413 ut
716 2361 808 2436 grata
828 2351 1128 2417 commemoratione
1149 2351 1226 2418 doe

133 2452 241 2504 torum
256 2436 432 2512 hominum,
447 2458 526 2522 quos
540 2457 627 2498 curae
646 2435 767 2520 aliquid
786 2436 1027 2522 buia-scriptori
1047 2438 1122 2502 vitm
1135 2440 1226 2503 resti·

12 2573 13 2622 ss
133 2523 255 2590 tuendo
269 2534 341 2608 post
353 2523 474 2586 litteras
490 2533 613 2585 renatas
627 2521 802 2670 irffertisoe
822 2522 938 2607 accepi,
953 2524 1130 2606 praesertim
1145 2525 1227 2588 auti.

134 2609 294 2696 quiorum,
305 2620 337 2672 et
350 2608 492 2692 ipsorum
506 2608 626 2691 pariter
682 2627 757 2670 anes
771 2618 803 2669 et
815 2604 996 2671 futurorum
1007 2608 1110 2673 studia
1121 2610 1226 2673 deme·

12 2705 13 2734 *
131 2716 211 2761 rear.
255 2693 388 2760 illorum
403 2695 487 2756 enim
503 2693 727 2779 plerorumque
741 2691 981 2756 intermortuam
997 2693 1227 2758 iaudemreno·

12 2815 14 2864 r
134 2802 267 2845 savaro:
291 2802 329 2844 ex
353 2777 416 2856 bis,
440 2779 493 2863 qui
520 2790 594 2863 post
616 2799 675 2842 nos
699 2778 843 2842 eamdem
871 2778 1062 2861 provinciam
1090 2779 1227 2846 subituri

131 2880 217 2942 mut,
233 2864 461 2929 adminiculum
476 2863 649 2943 habebunt,
665 2863 754 2950 quod
769 2862 847 2927 mihi
861 2865 888 2926 si
900 2862 1010 2929 fuisset
1024 2888 1043 2929 a
1056 2866 1226 2951 principio,

12 2987 13 3014 r
133 2964 166 3016 et
175 2951 392 3031 sollicitudine
406 2950 465 3014 diu
477 2971 529 3013 me
543 2961 678 3014 vexante
692 2948 773 3013 liber
794 2949 931 3028 fuissem,
955 2962 987 3014 et
1007 2951 1116 3015 multis
1128 2954 1228 3052 parti·

134 3036 195 3101 bus
218 3036 382 3101 meliorem
405 3035 464 3099 tibi
490 3036 594 3099 statim
619 3047 782 3098 auctorem
804 3034 970 3100 dedissem.
1014 3036 1227 3121 Nequeennn

132 3127 257 3186 tamum
273 3120 352 3185 mibi
367 3120 486 3200 tribuo,
501 3141 601 3204 eaque
617 3118 813 3205 malignitate
826 3131 858 3183 et
880 3120 912 3182 in
927 3120 1060 3218 majores
1074 3134 1106 3183 et
1120 3123 1153 3183 in
1167 3122 1227 3184 mi·

133 3229 230 3272 nores
250 3206 345 3285 senor,
360 3206 499 3269 fortuitis
520 3205 689 3290 subjectus,
704 3218 737 3267 et
758 3224 799 3266 an
821 3203 954 3267 audeam
976 3224 1124 3268 insonare
1137 3204 1226 3282 iilud,

135 3291 195 3356 idn
209 3292 305 3378 agitor
319 3292 497 3379 ambiguus,
515 3301 550 3352 ut
564 3288 614 3353 vel
634 3288 766 3352 istorum
792 3287 1037 3354 Hieronicamm
1061 3290 1182 3374 palmas
1196 3303 1229 3356 et

134 3399 270 3441 coronas
284 3377 361 3440 oiim
383 3388 484 3441 certas
504 3374 631 3440 abolere
648 3387 704 3438 aut
725 3385 890 3439 conterere
908 3373 1094 3455 desiderem,
1108 3375 1158 3439 rel
1172 3397 1228 3441 ne·

136 3462 255 3525 minem
269 3462 402 3546 posthae
416 3462 450 3525 in
470 3459 582 3525 eodem
597 3459 701 3524 stadio
719 3460 858 3524 exerceri
876 3459 993 3525 velim:
1016 3461 1072 3561 qui
1092 3483 1162 3525 mos
1181 3474 1231 3526 est

133 3547 357 3635 quorumdam,
371 3560 408 3609 ut
427 3546 513 3610 velut
532 3546 704 3629 desponsos
724 3545 797 3626 sibi,
813 3567 881 3622 usu,
901 3550 1111 3631 coemptione,
1134 3546 1227 3626 farra

136 3637 170 3698 in
188 3654 318 3697 manum
341 3633 525 3697 convenisse
545 3643 674 3706 veteres,
691 3651 771 3715 quos
793 3632 999 3696 recensendos
1013 3648 1228 3716 susceperunt,
1248 3635 1251 3640 ’

136 3719 249 3785 baberi
262 3720 444 3817 postulent3
466 3716 625 3802 autquasi
645 3715 687 3779 ab
710 3715 893 3780 censoribus
915 3739 952 3780 ea
973 3716 1045 3803 lege
1065 3718 1229 3803 publicum

137 3804 372 3879 conduxissent,
388 3801 476 3866 naid
498 3813 652 3888 praeterea
672 3802 821 3886 cuiquam
842 3802 961 3887 agitare
975 3801 1085 3878 fassit,
1102 3801 1179 3865 aiios
1194 3813 1231 3865 ut

136 3889 213 3955 inde
225 3910 336 3952 omnes
352 3903 490 3965 arceant,
505 3885 700 3951 tentantibus
720 3908 802 3970 opus
818 3907 936 3951 novum
957 3887 1114 3963 nuntient,
1130 3907 1231 3949 mmu-

137 3977 265 4061 lamque
277 3971 467 4036 industriam
479 3969 704 4037 contumeliam
719 3994 809 4036 suam
818 3973 1076 4055 interpretentur.
1121 3970 1232 4036 Prima

138 4063 147 4125 i
173 4063 246 4137 tur,
270 4060 317 4123 uti
338 4057 483 4136 debebat,
504 4078 683 4143 praecon·
707 4079 801 4122 sunm
822 4058 855 4120 in
878 4056 981 4119 lucem
1003 4056 1134 4120 reduxit
1153 4056 1231 4120 urbs

138 4084 278 4226 gmina,
294 4144 536 4227 adspirantibus,
552 4158 589 4207 ut
602 4144 797 4208 ornatiorem
818 4142 996 4220 reluceret,
1010 4141 1136 4206 disertis
1150 4141 1231 4205 duo-

136 4233 196 4300 bus
208 4244 242 4297 et
250 4228 403 4320 ‘maribus
424 4229 508 4308 viris,
522 4227 678 4295 Jobsrme
694 4228 827 4296 Andrea
848 4226 1015 4304 Aleriensi,
1031 4239 1063 4292 et
1082 4225 1231 4293 iohanne
