2942 4750
432 223 524 283 LIB.
544 222 639 284 XLV.
662 224 760 286 CAP.
780 226 854 286 XII.
1122 233 1178 294 179

107 386 251 471 juvante,
264 395 296 449 et
309 406 376 449 non
391 388 640 475 repugnantibus
652 386 758 452 fratris
773 385 891 465 amicis,
908 397 1014 465 ratus3
1035 390 1173 474 primum
1183 409 1212 458 u.
1224 408 1251 456 c,
1263 409 1318 456 rut

112 470 155 534 ad
178 492 327 548 sororem,
345 473 460 537 deiude
480 475 521 536 ad
544 473 671 537 fratrem
694 473 879 557 amicosque
903 471 980 559 ejus,
996 496 1061 537 non
1086 473 1319 560 prinam-1⁶⁸·

109 557 231 621 destitit
245 558 378 638 mittere,
394 581 488 643 quam
511 581 620 643 pacem
643 581 714 622 cum
730 559 768 621 iis
782 558 994 622 confirmaret.
1041 560 1175 645 Suspec-

110 658 179 706 tum
197 642 391 707 Antiochum
406 644 562 720 efficeret,
578 645 674 730 quod,
690 657 795 708 cetcra
809 643 951 731 AEgypto
966 645 1027 708 sibi
1046 647 1174 730 tradita,

111 727 231 792 Pelusii
247 728 381 791 validam
396 731 415 762 ⁴¹
428 730 568 792 relictum
581 744 649 795 erat
660 730 854 815 praesidium.
876 732 1057 815 adparebat,
1072 731 1174 797 claus-

109 825 160 877 tra
180 812 314 899 AEgypti
336 817 444 890 teneri,
460 820 535 891 ⁴'ut,
559 838 657 901 quum
681 815 785 896 vellet,
801 836 907 878 rursus
929 817 1102 881 exercitum
1124 821 1173 883 in·

109 899 261 962 duceretr
286 899 368 962 bello
394 900 542 962 intestino
566 922 640 964 curn
670 901 766 963 fratre
791 921 864 963 eum
893 901 1012 964 exitum
1034 901 1113 983 fore,
1136 915 1173 968 ut

107 985 221 1059 victor,
237 984 334 1047 lessus
359 985 539 1061 certamine,
563 1007 760 1071 nequaquam
783 1007 842 1069 par
864 986 1025 1050 Antiocho
1046 990 1172 1053 futurus

107 1081 200 1135 esset·
245 1070 338 1147 Haec,
353 1071 528 1154 prudenter
542 1071 757 1134 animadversa
772 1095 790 1135 a
804 1072 933 1156 majore,
949 1093 1020 1135 cum
1036 1073 1171 1139 adsensu

109 1155 215 1220 minor
226 1154 332 1233 irater,
348 1159 465 1241 quique
478 1178 551 1220 cum
568 1179 607 1220 eo
617 1169 717 1233 erant,
733 1167 941 1238 acceperunt:
966 1180 1056 1221 soror
1070 1158 1171 1244 pluri·

64 1279 66 1281 ·
107 1261 198 1304 raum
213 1241 343 1325 adjuvit,
359 1263 424 1304 non
442 1243 575 1305 consilio
593 1241 769 1321 modo‚sed
791 1243 885 1305 etiam
903 1244 1057 1324 precibus.
1103 1246 1170 1310 lta·

106 1348 179 1412 que,
195 1327 463 1390 consentientibus
485 1328 606 1391 cunctis
623 1349 702 1412 pace
722 1327 816 1403 factu,
834 1326 1067 1393 Alexandream
1090 1332 1169 1395 reci·

104 1413 203 1496 pitur,
220 1433 261 1474 ne
275 1413 478 1476 multitudine
491 1414 617 1499 quidem
634 1414 837 1476 adversante:
860 1414 977 1497 quaein
992 1413 1086 1491 bello,
1104 1439 1167 1481 non

104 1519 164 1582 per
191 1496 388 1561 obsidionem
419 1500 524 1573 modo,
555 1498 610 1562 sed
639 1499 733 1563 etiam
764 1509 932 1583 postquam
962 1521 979 1562 a
1008 1503 1169 1567 moenibus

104 1582 281 1646 abscessum
297 1594 353 1658 est,
370 1584 445 1668 quia
459 1583 539 1646 nihil
554 1607 593 1647 ex
608 1583 649 1646 AE
684 1595 749 1667 *pto
763 1582 1004 1662 subvehebatur,
1024 1591 1168 1652 omnium

103 1689 212 1731 rerum
228 1669 397 1732 adtenuata
411 1668 518 1752 inopia
532 1683 609 1732 erat.
692 1670 719 1733 is
739 1691 836 1755 quum
852 1669 953 1733 laetari
969 1672 1168 1738 Antiochum

101 1754 293 1817 conveniens
313 1765 404 1831 esset,
421 1755 445 1817 si
462 1753 631 1818 reducendi
647 1757 712 1840 ejus
728 1777 837 1819 caussa
853 1756 1025 1820 exercitum
1042 1755 1168 1842 AEgyp-

102 1850 172 1901 tum
199 1838 383 1917 induxisset,
415 1862 481 1926 quo
513 1842 654 1925 specioso
680 1842 772 1905 titulo
805 1842 846 1906 ed
872 1861 982 1904 omncs
1018 1841 1103 1904 Asiae
1136 1854 1168 1905 et

103 1924 240 1988 Grreciae
262 1926 413 2002 civitates,
434 1926 644 2014 legationibus
665 1927 853 2013 recipiendis
875 1926 1036 2012 literisque
1058 1927 1165 1992 dimit-

101 2008 214 2085 tendis,
230 2032 305 2073 usus
327 2022 403 2087 erat,
420 2012 500 2075 adeo
521 2026 567 2076 est
589 2012 749 2094 oblensus,
764 2027 800 2076 ut
823 2012 923 2076 multo
944 2013 1048 2077 acrius
1069 2013 1164 2078 inles-

100 2094 226 2179 tiusque
247 2096 393 2160 adversus
415 2096 504 2176 duos,
528 2120 623 2183 quam
646 2114 720 2162 ante
742 2099 889 2163 adversus
911 2122 1025 2178 unum,
1040 2113 1165 2185 pararet

87 2178 229 2257 bellum.
286 2182 432 2266 Cyprum
460 2184 620 2267 extemplo
649 2187 778 2246 classem
807 2186 912 2247 misit:
950 2186 1028 2269 ipse,
1058 2188 1164 2270 primo

9 2311 11 2320 .
97 2285 172 2329 vere
186 2288 259 2330 cum
276 2268 416 2329 exercitu
433 2267 611 2352 AEgyptum
627 2279 750 2349 petens,
766 2269 798 2330 in
816 2269 931 2331 Coelen
948 2270 1073 2353 Syriam
1087 2293 1164 2353 pro·

9 2400 10 2415 i
96 2351 199 2414 cessit.
246 2349 340 2413 Circa
356 2350 575 2413 Rhinocolura
590 2350 755 2414 Ptolemaei
779 2351 889 2432 legatis
912 2352 1078 2435 agentibus
1092 2375 1165 2437 gra·

97 2436 171 2514 tias,
187 2433 274 2520 quod
290 2454 345 2515 per
367 2456 440 2496 eum
461 2454 596 2519 reguum
618 2436 756 2514 patrium
778 2436 955 2516 recepisset,
971 2437 1166 2517 petentibus-
1222 2498 1227 2511 ,

95 2543 174 2607 que,
190 2529 227 2583 ut
250 2539 340 2580 suum
364 2539 480 2596 munus
503 2528 652 2592 tueretur,
669 2530 702 2581 et
723 2517 843 2581 diceret
865 2518 979 2602 potius,
999 2519 1076 2618 quid
1098 2521 1167 2587 lieri

96 2606 206 2681 vellet,
223 2625 329 2690 quam,
352 2603 451 2667 hostis
471 2626 511 2667 ex
533 2605 620 2667 socio
641 2603 751 2684 factus,
766 2604 797 2665 ri
818 2615 913 2688 atque
933 2625 1031 2666 armis
1046 2619 1164 2692 ageret,

56 2716 79 2744 0
94 2689 283 2775 respondit3
305 2691 378 2753 Non
392 2692 488 2753 older
501 2711 594 2774 neque
607 2692 728 2753 classem
739 2699 957 2767 revocaturum,
970 2712 1065 2776 neque
1079 2714 1163 2757 euer-

91 2781 186 2842 cs'tum
201 2777 399 2850 redactam,
416 2777 480 2838 nisi
491 2777 553 2840 sibi
565 2785 596 2838 et
611 2785 677 2838 tota
694 2776 806 2859 Cypro,
822 2785 853 2838 et
868 2776 1004 2855 Petreio,
1018 2794 1161 2876 agroque,

95 2862 151 2946 qui
178 2864 261 2925 circa
290 2863 483 2925 Pelusiacum
505 2863 611 2925 ortium
637 2861 712 2925 Nili
734 2872 818 2939 esset,
846 2862 984 2925 cederet.-
1014 2860 1162 2949 diemque

92 2948 276 3033 praestituit,
299 2946 383 3009 intra
401 2970 497 3031 quam
518 2946 590 3009 ”de
614 2945 849 3011 conditionibus
872 2946 1008 3032 peractis
1030 2970 1161 3031 respon·

93 3054 165 3096 sum
181 3033 348 3115 acciperet.

140 3117 224 3182 Xll.
255 3116 427 3266 Posqquam
444 3117 509 3180 dies
524 3116 597 3181 data
615 3117 751 3181 induciis
771 3115 935 3200 praeteriit,
947 3119 965 3155 ⁹
977 3120 997 3150 ⁴⁴
1008 3116 1160 3200 navigan·

92 3201 180 3266 tibus
208 3204 289 3265 ostio
353 3203 386 3266 ili
415 3204 456 3266 ad
488 3202 681 3283 Pelusium‘,
702 3225 761 3287 per
789 3204 911 3266 deserta
940 3201 1161 3266 Arabiae'ad

13 3306 24 3329 ·
46 3292 56 3317 ⁸
94 3286 278 3372 Memphim
294 3287 484 3368 incolebant,
499 3299 531 3351 ct
546 3291 585 3350 ab
599 3289 711 3352 ceteiis
726 3286 898 3373 AEgyptiis,
914 3289 1029 3371 partim
1046 3287 1159 3350 volun-

92 3385 167 3450 tate,
190 3375 305 3472 partim
328 3385 424 3449 metu,
442 3373 482 3436 ad
507 3374 740 3438 Alexandream
763 3372 895 3437 modicis
917 3373 1082 3437 itineribus
1104 3373 1159 3437 de·

90 3457 223 3523 scendrt.
279 3461 300 3496 ⁴³
312 3459 364 3523 Ad
394 3459 565 3523 Leusinem
597 3473 790 3545 transgresso
823 3459 955 3534 flumen,
985 3460 1040 3543 qui
1068 3461 1158 3524 locus

511 3586 607 3652 e{ipsc}
614 3600 660 3647 per
670 3587 740 3633 Cres.

123 3689 153 3737 41
172 3689 289 3738 Mmum
307 3695 357 3737 erat
371 3690 611 3754 proeddism100m-
642 3691 760 3738 Romanis
770 3691 869 3739 musa
879 3704 893 3736 e
905 3691 983 3753 Cypro
998 3695 1156 3744 memoretur,

86 3755 185 3801 modius
196 3754 326 3817 reliquerat.
353 3756 530 3803 Gronovius.
642 3756 1056 3817 mspieamurAntiochumepudse
1066 3754 1158 3801 refluu-

120 3817 153 3864 42
173 3818 216 3871 Ut,
228 3832 298 3878 quum
314 3819 377 3871 uelit,
388 3833 469 3865 rursus
480 3820 606 3866 exercitum
636 3820 683 3865 isse
692 3819 785 3878 aliquas
796 3820 931 3865 maritimas
941 3822 1031 3880 coplas,
1044 3824 1071 3863 ut
1082 3815 1156 3860 simul

89 3880 219 3944 induceret]
237 3880 308 3943 Legit
318 3883 462 3937 Gronovius,
478 3897 550 3943 qaum
560 3881 606 3929 nei·
637 3890 710 3937 terra,
727 3883 801 3929 simu
813 3884 875 3930 muri
888 3883 1022 3946 AEgypmrn
1041 3878 1158 3939 aggrede-

88 3944 127 3992 Β»
636 3953 711 3992 retur.
746 3946 789 3993 Era
799 3947 975 4007 hicnavigasse
991 3943 1160 4011 tutenigemuq

122 4009 155 4057 43
170 4009 210 4055 De
230 4007 394 4057 mitioribus
407 4010 520 4072 peractis]
550 4009 606 4055 Vox
637 4012 778 4070 perustium
789 4010 842 4057 Nili
852 4012 884 4057 ad
896 4010 1029 4060 Pelusium,
1038 4006 1098 4049 dum
1105 4002 1157 4059 lpse

82 4074 187 4133 parts
206 4072 302 4119 rldetur
319 4086 371 4120 esse
389 4074 512 4118 mendosa.
549 4072 607 4118 For·
637 4074 774 4121 Antiochus
784 4076 890 4121 terrestri
906 4066 1156 4127 exercituperdeser·

87 4146 152 4182 tasse
163 4138 292 4196 scripserat
304 4138 388 4183 livius
397 4136 485 4182 deictis.
639 4145 665 4184 ta
675 4139 772 4191 Arabim
783 4139 917 4199 Aigyptum
927 4135 996 4195 petit.

120 4199 153 4247 44
175 4200 351 4262 Nwtgsntibas
369 4201 427 4246 ortis
448 4199 517 4311 de
542 4198 607 4246 l'rae·
676 4200 709 4246 46
727 4202 768 4249 Ad
788 4197 929 4260 [Μανῆ]
957 4196 1068 4241 Emenda
1099 4207 1156 4243 cum

88 4270 125 4310 ter
147 4264 252 4311 classem
272 4264 404 4324 Syriacam,
424 4278 480 4324 quae
517 4277 607 4326 ypram
639 4265 755 4312 Turnebo
781 4271 806 4311 et
833 4262 932 4308 Valerio
959 4259 989 4305 ad
1015 4259 1155 4308 Eleruinem.

89 4326 162 4388 nrp‘re
181 4328 257 4375 misse
275 4328 372 4384 dicitur,
383 4335 408 4375 et
424 4328 608 4390 inbeelegutis
640 4328 735 4376 Eleusis
752 4329 820 4374 vtem
838 4326 887 4374 ruit
903 4326 934 4375 ad
952 4324 1042 4373 lessam
1054 4324 1157 4383 canopi·

12 4456 24 4505 Ρ
667 4400 728 4455 Η
