2942 4750
494 196 841 273 PRAEFATIo·
1119 196 1215 275 xiiiii·

13 376 21 397 ⁸
122 412 334 479 memoratis
362 406 698 481 mrbuleutissimas
726 406 767 479 in
794 404 986 504 republica
1010 402 1208 504 tempesta·

121 525 203 590 tum
224 520 342 594 moles
366 522 586 596 excitavere
636 523 777 619 Iegem
797 519 997 644 Agiariam
1018 522 1146 609 suasit,
1171 534 1210 598 et

51 718 60 733 ·
121 641 254 726 postea
280 637 465 765 egregiam
492 636 533 710 ιιι
560 638 659 711 bello
687 661 840 736 operam
867 636 1038 734 prestitit
1066 635 1210 711 Siccius

122 744 321 836 Dentahm
345 750 401 823 vir
426 776 517 824 sene
542 752 804 839 memorabilis,
831 763 868 826 et
892 752 988 825 inter
1014 750 1232 826 Romanos*

120 885 272 960 quoque
296 865 522 940 sortimdinis
548 864 789 956 miraculum
809 868 924 960 cujus
951 873 1102 963 postea
1109 890 1212 941 mors

26 1018 44 1053 ι
120 976 262 1051 neena
283 979 486 1054 maximam
508 980 755 1055 Decemviris
762 978 946 1054 invidiam
964 978 1151 1067 conflavit,
1174 988 1213 1054 et

73 1114 246 1279 »ᾖξε
271 1093 467 1192 precipuis
492 1096 616 1171 cmsis
645 1097 724 1182 fuit
754 1120 821 1169 cur
848 1095 996 1168 illorum
1024 1095 1213 1192 tyrannidi
1325 1144 1329 1159 ·

229 1221 489 1305 imponeretur
545 1210 797 1284 Tribunorum
822 1210 989 1284 actiones
1015 1210 1064 1283 de
1085 1211 1212 1284 Aven-
1196 1235 1328 1285 ain.
1333 1242 1374 1285 ar.

121 1319 201 1393 tino
220 1321 347 1398 livius
372 1325 436 1397 vix
460 1325 710 1398 unoverbulo
736 1325 913 1420 dignatur
937 1324 1136 1421 attingere:
1164 1326 1213 1399 de
1262 1412 1266 1423 .

121 1433 204 1530 lege
230 1438 401 1533 Agraria,
435 1440 484 1512 de
517 1438 630 1512 Siccii
662 1438 829 1510 oratione
861 1438 912 1510 ad
944 1440 1135 1536 populien,
1163 1441 1213 1514 de

121 1550 293 1643 ejusdem
314 1561 354 1624 et
375 1552 523 1648 egregio
538 1552 579 1624 in
593 1551 861 1648 rempublicam
877 1552 1014 1641 animo,
1037 1565 1075 1628 et
1095 1554 1213 1629 incre-
1366 1592 1369 1598 ·

123 1663 229 1738 dibili
254 1665 294 1738 in
319 1666 419 1739 bello
445 1666 579 1740 virtute
604 1665 756 1740 omnino
785 1667 880 1741 silet.
932 1656 1060 1762 Quid?
1087 1691 1215 1742 nonne

122 1777 164 1852 ιιι
179 1778 238 1853 his
249 1780 422 1854 omnibus
438 1805 520 1856 sese
530 1781 674 1875 jactare
688 1791 835 1878 poterat
846 1783 1080 1881 eloquentia?
1107 1783 1213 1859 Non·
1246 1790 1248 1793 ’

121 1918 171 1967 ne
193 1895 330 1969 multas
352 1896 483 1971 harum
506 1895 645 1970 similes
665 1896 874 1973 discordias
897 1897 1136 1996 actionesque
1152 1898 1214 1973 tri·

122 2009 308 2085 hunorum
336 2010 502 2109 pluribus
530 2011 717 2087 interdum
732 2014 959 2111 vpersecutus
987 2024 1045 2089 est
1072 2013 1212 2100 livius,

119 2135 161 2198 et
187 2125 359 2199 omnibus
385 2126 537 2200 dicendi
563 2128 790 2201 ornamentis
815 2128 1002 2203 excoluiti
1041 2129 1133 2203 Non
1157 2138 1215 2203 est

122 2240 292 2336 profecto
319 2240 525 2325 verisimile,
554 2249 597 2313 ut
624 2240 687 2312 ille
717 2241 800 2313 hec
832 2241 1005 2317 consulto
1038 2242 1213 2316 omiserit

123 2353 275 2428 Mer-am
290 2354 351 2429 hic
368 2353 606 2452 agnoscimus
622 2353 846 2428 oblivionem
862 2354 1106 2443 et'inc'uriam
1130 2380 1214 2453 qua

123 2480 163 2544 et
186 2469 325 2567 ubique
346 2471 422 2544 fere
442 2471 483 2544 in
502 2468 630 2567 primis
653 2467 727 2542 illis
748 2469 870 2545 tenuis
890 2470 1103 2567 reipublice
1121 2480 1214 2546 tem·

123 2585 277 2684 poribus
300 2586 402 2683 apud
426 2610 513 2661 eum
530 2582 817 2682 deprehenditur
831 2610 879 2660 ex
895 2584 1095 2675 collatione
1111 2586 1214 2660 Gre-

94 2754 96 2756 »
123 2725 255 2775 corum
275 2701 493 2800 scriptomm
520 2699 585 2798 qui
607 2700 780 2775 eamdem
801 2700 993 2776 historiam
1014 2700 1213 2799 scripsere:
1307 2694 1310 2702 ’

123 2826 168 2890 ut
191 2818 359 2915 pmcto
380 2817 551 2890 videatur
570 2819 697 2890 noster
718 2816 769 2889 ad
790 2818 935 2912 majore
957 2826 997 2891 et
1016 2816 1215 2891 illustriora
1286 2838 1290 2847 ·
1324 2811 1326 2816 ’

32 2933 314 3056 jesunaiis,
338 2932 497 3061 origines
512 2931 624 3006 urhis
634 2931 880 3031 proximaque
895 2931 1138 3063 originibus
1124 2956 1214 3007 con-

14 3071 15 3078 *
124 3059 207 3122 aa
204 3049 327 3145 quam
354 3047 435 3145 ipse
463 3046 688 3144 professus
677 3071 717 3120 ιιι
744 3047 859 3122 totius
885 3048 1007 3145 operis
1034 3043 1213 3145 prooemio
1329 3089 1333 3099 ·

125 3167 255 3251 inerat,
273 3187 388 3261 quam
404 3162 579 3237 citissime
594 3161 737 3236 licuerit
751 3162 1024 3236 hamcurrisse.

176 3279 280 3355 Hinc
303 3279 376 3366 ille,
393 3279 484 3353 dum
501 3277 694 3352 conditam
709 3276 838 3351 urbem
855 3300 879 3348 a
896 3275 1060 3350 Romulo
1076 3282 1213 3363 namsi,
1223 3303 1250 3352 n
1262 3304 1282 3351 1.
1293 3319 1314 3352 a
1327 3310 1352 3354 ι.

125 3422 173 3472 ne
189 3394 364 3470 mstinmt
383 3391 537 3492 quidem
560 3389 750 3478 annotare,
769 3401 865 3489 quot
879 3414 1000 3467 annos
1016 3392 1064 3465 ab
1080 3391 1215 3467 ‘Romae

125 3510 337 3610 primordie
365 3510 413 3582 ad
444 3533 552 3584 suam
582 3517 729 3582 etatem
762 3507 888 3604 lapsos
917 3530 1004 3586 esse·
1027 3503 1214 3584 crederet:

125 3625 213 3700 hinc
236 3647 386 3722 quoque
408 3625 457 3697 de
483 3622 692 3698 secessione
720 3621 839 3720 plebis
866 3648 991 3721 agens,
1021 3625 1312 3699 observaremus.

125 3740 291 3837 neglexit
316 3739 464 3838 plebem
491 3739 705 3813 Rornamm
726 3748 802 3812 tres
823 3751 981 3827 menses,
1004 3739 1216 3836 etquidem

126 3881 193 3932 eos
209 3854 399 3953 inquibus
416 3878 526 3951 agros
542 3853 686 3927 conseri
703 3876 798 3952 opus
814 3863 882 3941 est,
899 3855 939 3929 in
955 3860 1082 3928 monte
1099 3853 1215 3926 Sacro
1224 3877 1258 3926 ii.
1271 3884 1311 3926 aa.

126 3969 344 4047 consedisse
355 3995 379 4058 ς,
390 3968 625 4044 conditiones
640 3968 774 4065 quibus
796 3969 862 4042 ille
881 3967 1041 4044 secessio
1064 3987 1216 4065 compo-

128 4087 202 4162 sita
216 4095 284 4175 est,
300 4084 486 4160 incuriose
498 4084 716 4192 admodpm,
733 4095 772 4158 et
784 4081 1019 4181 indiligenter
1033 4080 1217 4180 exposuit.

129 4201 232 4285 Quid
249 4201 391 4277 multai
417 4201 458 4277 Si
473 4200 561 4283 hinc
575 4199 714 4287 Livius,
730 4199 820 4274 inde
833 4198 1059 4282 Plutarchus
1072 4208 1113 4273 et
1124 4198 1217 4274 Dio·

639 4339 663 4388 ιι
681 4322 705 4389 4
