2942 4750
307 193 364 249 ιω
513 258 516 266 ,
710 181 823 248 arar
855 181 991 246 arvrr

145 325 346 422 uxcisst‘de
363 347 492 417 rationo
507 345 582 416 belli
603 341 732 435 gerendi
759 349 869 434 coeplt.
916 345 1065 413 Placebat
1085 343 1284 431 quibusdam,
1309 323 1457 436 “ets

143 440 214 486 3⁴0
228 437 288 514 ,¹⁶⁸⁴
308 441 449 505 maxime
469 437 639 523 majoribus
660 449 748 513 natu,
772 457 830 519 per
853 435 966 519 Enipei
990 436 1090 517 ripam
1117 427 1381 582 munitionffiv

142 505 290 614 fflnd‘
307 527 371 589 tim
386 525 498 600 iacere,
519 524 663 606 cory'mrsss
684 533 714 585 et
734 525 797 587 uim
808 521 1002 606 facientibus
1022 519 1161 582 resistere
1182 519 1276 582 atace
1341 535 1380 581 crs

306 631 368 676 non
376 631 488 694 posse:
511 609 743 672 estotcostellr‘s
756 610 916 700 aliquanto
934 605 1091 668 altioribus
1101 626 1138 667 oc
1146 604 1376 679 munitioribus,

307 697 503 783 puaepolidr‘s
519 696 677 775 presidiis
699 695 888 768 insedissent,
905 693 1017 774 priore
1037 711 1118 751 anuo
1140 690 1277 773 dejems.
1302 689 1379 752 aliis'

214 807 218 814 ·
251 857 255 868 ἡ
306 778 461 867 placebat,
493 780 662 843 Octavium
686 799 759 842 cum
789 779 886 842 classe
913 774 1171 840 Thessalonicam
1202 787 1319 859 petere,
1345 781 1379 838 et'

272 885 275 891 ·
305 864 512 952 populatione
537 865 703 928 maritimae
732 886 798 927 oroe
823 862 1011 946 distringere
1039 861 1145 945 copias
1175 860 1296 945 regias:
1327 869 1378 940 ut,

307 953 405 1017 attero
420 949 460 1015 ab
475 963 567 1038 tergo
589 974 622 1014 se
636 951 820 1014 ostendente
841 948 935 1022 bello,
953 947 1163 1010 circumactus
1186 948 1226 1010 ad
1242 945 1377 1008 interio-
1456 985 1457 994 κ

306 1059 375 1101 rem
403 1050 525 1121 purtem
548 1039 637 1123 regni
659 1035 820 1111 tuendam,
844 1032 966 1097 nudare
986 1032 1092 1115 aliqua
1113 1044 1203 1116 parte
1224 1031 1378 1095 transitus
1456 1095 1457 1098 ,

308 1124 424 1208 Enipei
439 1137 614 1207 cogeretur.
661 1122 757 1207 ”Ipsi
777 1133 891 1184 natura
913 1133 944 1182 ct
965 1118 1115 1201 operibus
1135 1118 1378 1202 inexsuperabi·
1456 1121 1457 1156 ³

305 1211 346 1272 iis
367 1210 438 1293 ripa
459 1209 644 1274 videbatur:
667 1221 709 1287 et,
732 1220 944 1290 praeterquam
966 1204 1053 1289 quod
1075 1216 1233 1267 tormenta
1253 1203 1376 1287 ubique

307 1294 462 1378 disposita
489 1306 603 1371 essent,
630 1292 800 1357 missilibus
825 1292 918 1356 ctiam
950 1289 1059 1353 melius
1086 1300 1118 1352 et
1146 1290 1278 1353 certiore
1307 1291 1374 1352 ictu

308 1381 413 1444 hostes
434 1381 481 1444 uti
506 1381 659 1444 audierat.
704 1379 781 1442 Alio
807 1378 968 1461 spectabat
990 1393 1078 1438 mens
1102 1387 1169 1438 tota
1190 1375 1298 1438 ducis:
1322 1374 1375 1437 di·
1454 1379 1457 1406 ⁴*

307 1466 468 1551 missoque
488 1467 621 1530 consilio
637 1464 827 1531 Perrhaebos
841 1476 1040 1534 mercatores,
1059 1461 1231 1525 Schoenum
1247 1472 1279 1524 et
1301 1461 1375 1523 Mc-

308 1551 487 1635 trophimus,
504 1564 589 1614 notae
603 1565 636 1614 et
650 1552 723 1615 fidei
744 1552 811 1635 jam
831 1548 889 1611 sibi
913 1559 945 1610 et
959 1546 1137 1631 prudentiae
1153 1546 1305 1622 homiues,
1323 1565 1375 1608 ur·

308 1638 436 1702 cessitos
450 1649 571 1700 secreto
589 1648 821 1720 percunctatur,
837 1633 944 1719 quales
959 1634 998 1697 ad
1024 1632 1238 1695 Perrhaebiam
1259 1633 1374 1695 trausiss

309 1736 360 1787 tus
374 1723 447 1787 sint.
493 1720 604 1797 Quum
625 1721 695 1784 loca
717 1743 781 1783 non
804 1720 913 1804 iniqua
935 1740 1001 1782 esse
1022 1716 1174 1793 dicerent,
1190 1717 1376 1800 ⁹⁸praesidiis

309 1820 414 1872 autem
437 1810 522 1894 regis
543 1805 691 1882 obsideri,
708 1828 794 1888 spem
817 1808 912 1887 cepit,
930 1805 955 1866 si
972 1815 1065 1867 nocte
1088 1804 1248 1886 inproviso
1269 1802 1375 1867 valide

308 1915 407 1958 manu
436 1893 601 1977 adgressus
621 1893 848 1975 necopinantes
872 1903 964 1969 esset,
987 1888 1077 1974 dejici
1099 1889 1248 1973 presidia
1270 1910 1374 1971 posse.

308 1980 424 2044 Jaoala
438 1982 518 2041 enim
533 1990 562 2043 et
576 1980 747 2062 sagittaret
761 1987 859 2040 celero
877 1976 1004 2039 messiliu
1019 1975 1207 2051 intenebris,
1222 1975 1284 2050 ubi,
1300 1977 1378 2057 quid
1456 1999 1457 2012 ¹

303 2073 440 2144 petatur,
451 2063 562 2144 procul
570 2083 582 2109 0
595 2065 753 2146 provideri
765 2072 903 2145 nequeat,
921 2062 1045 2124 inutilia
1060 2084 1128 2125 esse.
1155 2059 1264 2143 gladio
1284 2061 1374 2123 comi-

308 2169 365 2211 nus
376 2150 444 2230 gen'
462 2172 528 2211 rem
548 2151 580 2212 in
602 2152 755 2230 pertriste
777 2148 877 2222 turba,
894 2167 953 2230 quo
975 2148 1062 2209 miles
1081 2148 1236 2210 &rourum
1257 2148 1372 2210 vincat.

306 2231 374 2298 His
389 2232 524 2296 ducibus
539 2257 662 2312 usurus,
679 2248 849 2318 praetorem
872 2231 1041 2297 Octavium
1065 2232 1258 2306 arcessitum,
1274 2252 1372 2315 expo·
1452 2265 1457 2281 ι

308 2319 379 2394 sito,
401 2319 479 2404 quid
500 2334 636 2405 pararet,
662 2319 855 2385 Heracleum
877 2340 951 2382 curn
974 2319 1071 2382 classe
1092 2331 1199 2401 petere
1214 2316 1316 2403 jubet,
1338 2326 1371 2382 ei

307 2405 395 2468 mille
410 2406 592 2472 hominibus
609 2407 720 2471 decem
734 2406 858 2470 dierum
882 2417 972 2468 cocta
987 2405 1105 2468 cibaria
1127 2403 1252 2467 babere.
1298 2402 1371 2485 Ipse

146 2490 348 2577 nasammP·
383 2492 565 2576 Scipionem
597 2494 755 2569 Nasicam,
787 2492 863 2568 ”Q
897 2491 1032 2555 Fabium
1063 2488 1244 2555 Maximum
1271 2488 1370 2573 lilium
1456 2506 1457 2557 l

146 2566 218 2657 5000·
229 2580 277 2654 ma
308 2599 399 2640 suum
415 2600 488 2642 curn
505 2582 645 2663 quinque
656 2578 785 2642 delectis
799 2577 945 2641 millibus.
955 2575 1148 2639 Heracleum
1163 2575 1271 2652 mittit,
1285 2573 1370 2638 velut

144 2645 436 2754 {inffmmss'classem
460 2684 687 2727 conscensuros
701 2663 742 2726 ad
757 2663 948 2725 maritimam
971 2683 1059 2725 oram
1083 2661 1239 2724 interioris
1261 2659 1370 2723 Macc-
1401 2680 1412 2703 ·
1456 2652 1457 2687 f

148 2770 271 2831 hurum.
308 2747 424 2826 donise,
441 2748 526 2834 quod
544 2749 575 2810 in
587 2748 718 2810 consilio
733 2748 888 2833 agitatum
910 2760 987 2826 erat,
1002 2746 1196 2811 vastandam.
1242 2747 1371 2810 Secreto
1456 2788 1457 2791 =

171 2836 179 2849 ‘
307 2833 494 2909 indicatum,
509 2831 629 2895 cibaria
654 2832 703 2894 his
724 2844 903 2914 praeparata
917 2834 955 2896 ad
979 2832 1108 2897 classern
1131 2854 1209 2909 esse,
1229 2853 1271 2895 ne
1292 2830 1369 2915 quid

307 2939 361 2983 eos
377 2929 565 2983 moraretur.
592 2916 671 2981 Inde
678 2916 760 3002 jussi
773 2917 870 2981 duces
881 2918 1000 2981 itineris
1016 2919 1060 2982 ita
1073 2916 1214 2981 dividere
1228 2918 1320 2992 viam,
1338 2929 1373 2982 ut

308 3017 422 3088 quarta
443 3002 550 3087 vigilia
577 3003 672 3066 tertio
701 3004 751 3066 dic
781 3003 953 3088 ¹Pythium
976 3003 1093 3067 adoriri
1115 3016 1253 3087 possent.
1298 3002 1315 3066 I
1339 3025 1370 3067 se

307 3102 436 3172 postero
449 3089 511 3164 dic,
531 3100 565 3151 ut
579 3089 741 3151 distineret
756 3111 861 3172 regem
878 3089 919 3152 ub
934 3090 1163 3174 circumspectu
1180 3110 1283 3152 rerum
1294 3024 1356 3152 aiio

308 3194 392 3249 rum,
410 3174 514 3257 prima
535 3172 606 3237 lucc
627 3173 733 3239 medio
761 3176 794 3237 in
819 3176 909 3239 alveo
929 3198 1000 3240 curu
1024 3174 1210 3239 stationibus
1232 3174 1370 3238 bostium

149 3291 273 3340 mi,
309 3256 458 3341 proelium
479 3260 645 3323 commisit.
675 3273 915 3348 pugnatumque
938 3263 1098 3347 utrimque
1119 3272 1167 3323 est
1186 3260 1246 3323 levi
1268 3281 1372 3323 arma·
1420 3272 1457 3293 ‘⁸

147 3354 283 3430 uranu·
306 3354 399 3406 tura:
424 3365 481 3408 nec
534 3346 693 3410 arioribus
715 3347 812 3411 armis
828 3347 861 3409 in
883 3360 947 3409 tam
969 3346 1117 3430 inaequali
1132 3345 1221 3410 alveo
1235 3342 1457 3432 pugnari-N

151 3432 198 3479 μ
306 3438 443 3513 poterat.
523 3453 669 3496 escensus
690 3434 770 3517 ripae
785 3431 994 3516 utriusquein
1015 3431 1138 3495 alveum
1160 3436 1375 3497 trecentorum

308 3517 410 3578 ferme
422 3536 571 3600 passuum
587 3531 671 3583 erat:
693 3518 835 3583 medium
855 3518 991 3603 spatium
1014 3518 1172 3595 torrentis,
1188 3516 1264 3582 alibi
1286 3516 1375 3585 aliter

725 3664 883 3725 eunucu
895 3663 964 3709 cres.

341 3787 373 3835 96
390 3786 423 3834 Et
433 3788 535 3833 mannae
549 3788 674 3848 mjortias
688 3789 758 3852 nata]
776 3788 825 3835 Ex·
856 3801 912 3835 mua
923 3788 1012 3849 regila.-
1029 3795 1057 3834 ut
1065 3784 1118 3849 jam
1130 3787 1375 3835 allbiaanotavimus.

308 3854 446 3901 intimamus
457 3850 555 3897 Livium
563 3851 643 3910 potius
651 3853 824 3911 scripsissent-
888 3851 943 3898 99¹
956 3851 983 3906 Q.
1006 3852 1107 3897 Fabium
1134 3850 1273 3896 Maximum
1292 3850 1375 3911 filiurn

301 3917 402 3965 moribus
419 3919 484 3962 sata
525 3914 655 3961 Fervidum
676 3918 742 3961 enim
764 3917 824 3961 illud
855 3916 935 3978 arram]
948 3916 1044 3976 Nempe
1054 3916 1075 3960 is
1086 3917 1214 3974 adoptatus
1229 3916 1309 3960 munt
1319 3928 1334 3960 a
1344 3917 1375 3971 Q.

300 3983 440 4029 condilum
450 3979 568 4026 indende
579 3979 625 4024 sibl
636 3980 683 4025 viae
693 3992 737 4038 per
747 3981 826 4039 ripam
858 3978 932 4024 Fabio
942 3980 1060 4033 Maximo,
1072 3985 1145 4039 atque
1155 3980 1216 4025 adeo
1227 3978 1376 4039 nominepa-

301 4045 398 4105 ·Enipel
408 4044 602 4104 munitionesque
617 4044 696 4103 mugio
706 4044 769 4102 sapit
785 4040 826 4104 ju·
857 4043 901 4088 tris
912 4045 949 4090 sui
961 4044 1067 4104 adoptivi
1075 4045 1180 4104 gerebat.

301 4111 415 4156 ¹senilem
430 4110 550 4164 adorem,
561 4121 636 4169 quam
654 4106 756 4152 senilem
767 4119 824 4166 pra·
893 4106 906 4153 l
928 4107 1057 4170 Pythiam]
1090 4107 1222 4166 Templum
1252 4107 1373 4166 Apollinis

302 4172 425 4218 alanum.
857 4170 947 4231 Pythii,
959 4180 984 4218 et
995 4171 1158 4218 castellumiu
1169 4170 1373 4231 summoOlympi

341 4234 374 4280 97
388 4237 404 4282 1
433 4237 452 4298 ’]
469 4236 574 4288 AEurilio.
851 4230 914 4299 jugo
923 4236 1039 4295 positum·
1072 4234 1131 4283 vla.
1143 4233 1209 4283 rius
1223 4236 1250 4282 in
1265 4233 1371 4282 AEmillo.

342 4296 374 4345 98
450 4299 516 4346 adua
536 4305 613 4348 utem
635 4298 711 4363 regis]
737 4298 823 4347 Malle-
