2942 4750
135 710 292 769 onom„
350 678 478 753 Unam
494 684 648 749 tautum
657 670 852 754 decadem,
865 692 953 743 eam
963 660 1106 742 scilicet
1114 693 1200 766 qnae
1212 602 1425 743 secrmdae.

133 787 283 901 ml*
301 793 465 869 Liviana
492 789 590 864 vices
616 783 826 885 supplet,
794 808 899 857 vivus
919 783 1155 880 vidensque
1146 809 1186 857 m
1200 784 1392 880 publicum

135 905 286 1026 ζζΡιΜ
258 908 471 1012 struinam
498 901 778 986 Freinshemius,
798 897 971 984 Holmiae,
997 922 1097 973 anno
1116 896 1390 975 MDCXLIX.

135 1033 175 1078 ¹¹
136 980 257 1143 Ηυξ
303 1021 460 1096 Brenmo
476 1028 563 1116 post
586 1018 667 1112 ejus
686 1026 853 1099 mortem,
880 1012 920 1087 id
936 1024 993 1088 est
1010 1036 1110 1091 anno
1138 1011 1392 1089 MDCLXII.
1428 1034 1438 1063 ¹

302 1136 537 1212 carneadem
554 1132 620 1207 ille
634 1129 782 1205 decade
798 1152 945 1203 rursum
961 1127 1059 1225 typis
1076 1153 1229 1215 excusa,
1248 1128 1391 1225 prodie

300 1261 386 1326 ιιιιιι
401 1250 440 1324 in
464 1250 587 1323 lucem
612 1240 853 1340 Argentorati
878 1254 916 1317 et
940 1241 1175 1317 Francofmti
1199 1242 1312 1317 etiam
1330 1242 1393 1316 alii

299 1364 571 1465 quinquaginta
585 1359 679 1446 libri,
698 1356 834 1443 alibro
856 1357 1028 1431 nimirum
1052 1369 1160 1437 sexto
1177 1369 1216 1432 et
1232 1359 1390 1455 quadra·

300 1481 442 1612 gesirno
455 1480 505 1553 ad
522 1478 696 1577 quintum
709 1484 748 1549 et
763 1472 1057 1570 nonagesimum.
1109 1474 1286 1572 Denique
1300 1473 1391 1551 inta-

301 1620 408 1693 grum
420 1597 502 1690 jam
518 1618 613 1691 opus
630 1588 797 1676 Parisiis,
815 1598 1014 1663 accurante
1039 1587 1210 1683 Dnjatio,
1227 1615 1314 1664 eum
1331 1591 1388 1667 Li·

302 1711 363 1786 rio
379 1710 523 1787 editum
538 1720 607 1784 est.

138 1850 194 1899 ιιι
195 1852 319 1898 rm
353 1825 479 1920 Hujus
495 1825 617 1922 operis
638 1850 685 1898 ea
710 1847 810 1921 pars,
828 1845 941 1919 quarn
958 1846 1092 1918 parens
1109 1820 1188 1920 ipse
1212 1822 1387 1898 inlucem

135 1930 207 2037 ⁹1⁹¹
198 1916 274 2025 ¹,
275 1940 491 2036 p'rodrrxit,
513 1938 676 2013 limatior
690 1937 858 2033 profecto
875 1936 1018 2010 ceteris
1023 1962 1105 2011 esse
1123 1939 1245 2025 debet,
1262 1949 1301 2013 et
1315 1963 1389 2023 ms·

138 2057 210 2089 ⁰⁸¹²·
302 2053 358 2149 gis
384 2053 521 2125 habere
552 2052 826 2126 absolutionem
841 2053 1065 2148 quamdam
1089 2077 1196 2129 suam
1223 2064 1267 2127 et
1286 2054 1392 2183 quasi

302 2166 563 2243 maturitatem.
616 2167 751 2242 Sedet
775 2190 917 2264 parum
932 2167 1078 2241 videtur
1098 2168 1271 2257 abfuisse,
1302 2169 1388 2267 quin

237 2312 240 2319 ¹
300 2292 505 2359 exnemam
528 2281 747 2381 imposuerit
769 2305 929 2356 manum
945 2281 1019 2356 illis
1036 2305 1187 2380 quoque
1210 2283 1388 2382 quinqua-

299 2399 403 2497 ginta
418 2399 531 2485 libris,
547 2399 613 2497 qni
629 2422 707 2478 non
733 2398 851 2471 multo
874 2408 961 2494 post
976 2397 1057 2491 ejus
1079 2408 1237 2472 mortem
1253 2399 1388 2496 publici

295 2514 390 2609 juris
406 2515 495 2590 facti
511 2525 618 2589 sunt:
645 2514 780 2611 quibus
798 2513 952 2609 quidem
974 2512 1087 2586 etiarn
1113 2513 1297 2598 monitum
1311 2515 1389 2609 ejus

300 2632 494 2727 praetixum
510 2639 578 2717 est,
595 2653 672 2726 quo
688 2628 770 2725 ipse
792 2626 924 2703 lectori
948 2628 1018 2701 hos
1042 2627 1157 2702 tradit
1175 2628 1215 2703 in
1239 2653 1391 2703 manum

300 2744 414 2820 libros
430 2755 469 2818 et
482 2744 737 2820 commendat.
788 2743 989 2840 Quumque
1004 2743 1079 2818 hoc
1090 2743 1285 2829 monitum,
1302 2770 1391 2842 qua-

300 2861 336 2934 le
363 2860 464 2957 apud
489 2858 686 2952 Dujstium
712 2859 878 2945 habetur,
901 2868 1032 2936 notam
1054 2859 1142 2942 anni
1163 2858 1392 2944 MDcmv.
1444 2865 1445 2876 ’

301 2977 481 3072 praeferat,
499 2973 645 3047 videtur
662 2972 851 3066 jamtum
875 2974 945 3047 hos
967 2973 1081 3050 libros
1098 2974 1265 3049 editurus
1280 2973 1392 3049 fuisse
1443 3007 1444 3010 ¹

302 3088 588 3177 Freinshemius,
606 3088 678 3166 nisi
694 3087 831 3185 aliqua
843 3087 878 3162 ei
902 3090 1107 3164 undeunde
1123 3090 1275 3185 objecta
1288 3113 1393 3162 mora
1442 3189 1443 3192 Ἴ

139 3259 142 3262 -
302 3206 441 3284 luisset
493 3204 680 3282 Postremi
696 3204 861 3303 quinque
882 3211 920 3278 et
945 3203 1305 3301 quadragintalibri,
1322 3203 1393 3279 etsi
1442 3195 1443 3280 l

167 3385 171 3394 .
202 3355 205 3364 -
303 3319 463 3393 absoluti
480 3321 529 3393 ab
545 3331 697 3394 auctore
718 3320 878 3406 tiierunt,
894 3342 974 3392 non
996 3328 1122 3402 tamen
1148 3343 1255 3418 mque
1271 3344 1317 3394 ac
1333 3344 1442 3394 ce·

141 3429 163 3448 ”
201 3495 206 3510 .,
301 3431 369 3508 tori
382 3432 553 3506 videntur
570 3432 724 3561 expoliti
740 3431 901 3506 firisse
1441 3403 1442 3464 ι

151 3571 154 3578 ’
352 3544 429 3618 Sed
446 3543 831 3642 ubiquemirarilicet
854 3489 1396 3650 variametcopiosamerudi·

302 3658 459 3746 tionem,
474 3679 673 3758 operosam
699 3663 740 3735 in
761 3662 1026 3760 colligendis”
1004 3690 1048 3739 ιιι
1073 3692 1158 3763 quae
1181 3665 1341 3765 sparsim
1355 3677 1398 3741 et

302 3774 512 3852 minutatim
541 3777 642 3873 apud
670 3777 965 3875 quamplurimos
995 3780 1194 3878 scriptores
1227 3779 1397 3875 disjectae

302 3900 408 3967 erant
431 3890 591 3968 historin
615 3890 799 3966 Romanae
821 3892 982 3990 reliquiis
1008 3895 1250 3993 diligentiam,
1275 3895 1316 3972 in
1337 3920 1399 3971 re·

301 4005 572 4102 pr-aesentandis
597 4005 807 4104 religiosam
833 4008 958 4096 fidem,
982 4008 1023 4084 in
1047 4010 1332 4109 componendis,
1357 4023 1403 4088 et

160 4157 191 4192 ,-
282 4144 372 4196 suo
404 4120 490 4196 loeo
521 4131 632 4219 atque
658 4121 789 4196 ordine
815 4131 995 4219 tanquam
1027 4119 1214 4220 tesserulis
1245 4125 1285 4206 in
1316 4151 1402 4204 em-

304 4231 463 4307 blemate
492 4237 733 4314 vermiculato
761 4237 957 4325 struendis,
986 4241 1245 4318 dexteritatem
1266 4251 1304 4316 et
1336 4267 1403 4319 so·
