2942 4750
496 68 841 262 PliAEFA'Tlo.
1165 178 1216 259 'vii

118 396 219 471 mine
252 386 552 484 commendate-²
569 396 716 493 egregio
751 385 955 469 vestiuntur
990 392 1214 489 optimormn

118 497 475 610 lectissimorumque'
490 500 690 612 splendore
707 500 913 621 iemomm.
964 508 989 580 J
992 533 1052 582 am
1072 533 1140 605 pro
1159 534 1213 583 ar-

59 697 64 707 .
119 639 378 724 gumentcrum
401 629 587 714 varietate,
607 620 740 707 modo*
755 620 899 700 exultat
913 618 1108 699 audacius
1134 648 1214 697 ora-

117 744 182 831 tio,
200 755 238 818 et
259 743 564 839 grandetaliquid
592 769 636 815 ac
663 731 820 815 sublime
839 732 964 827 sonet,
979 735 1104 813 modo·
1116 765 1214 814 sum·

118 859 286 932 missiore
302 859 470 954 quodam
486 868 526 930 et
539 857 770 930 modestiore
788 880 910 943 cursu,
928 850 1076 953 semper
1088 867 1215 929 tamen

34 1004 58 1057 a
102 994 218 1048 cum¹
234 964 402 1070 quadam
426 971 618 1069 dignitate,
645 964 769 1045 fertur.
822 970 926 1046 Nihil
951 995 1038 1057 vero
1060 966 1218 1044 vmirabi-¹

116 1076 202 1173 line,
220 1112 334 1184 quam
350 1089 542 1184 quomodo
556 1087 726 1161 versatile
739 1087 879 1183 pariter,
892 1084 941 1160 ad
959 1086 1085 1159 omnia
1099 1082 1220 1183 ‘scrip'a

118 1204 209 1277 toris
226 1203 426 1298 ingenium,
443 1227 571 1276 eorum
598 1204 765 1276 omnium
790 1194 885 1299 duos
901 1196 1097 1298 loquentes
1108 1200 1214 1287 tacit,

119 1334 250 1392 senum
267 1343 312 1391 ac
323 1320 515 1412 juvenum,
533 1318 761 1416 privatorum
779 1317 1116 1413 magistratuumve,
1136 1314 1215 1389 Ro·

119 1458 317 1507 manorum
333 1444 371 1506 et
394 1434 568 1518 hostium,
587 1457 731 1517 sensus,
750 1416 906 1517 animos,
924 1431 1071 1503 habitus
1093 1431 1146 1504 ita
1160 1431 1215 1503 in-

121 1549 214 1633 duit,
232 1557 274 1620 ut
290 1546 343 1619 illi
358 1547 429 1644 ipsi
445 1571 523 1620 non
547 1542 680 1620 melius
705 1547 822 1618 modo
848 1557 912 1618 aut
928 1542 1129 1631 venustius,
1147 1540 1216 1620 sed

120 1688 169 1738 ne
202 1662 324 1759 aptius
362 1662 515 1760 quidem
554 1662 819 1758 decentiusque
858 1662 980 1737 dicere
1018 1655 1216 1758 potuerint.

120 1779 255 1875 Itaque
282 1777 431 1870 jamdiu
460 1772 562 1850 docti
596 1801 725 1850 omnes
747 1800 898 1873 magno
931 1770 1118 1857 consensu
1143 1777 1217 1850 iere

119 1895 158 1968 in
182 1892 402 1975 Quintiliani
420 1886 657 1980 'sententiam
685 1892 750 1990 qui
777 1892 923 1966 Livium
953 1917 1036 1967 esse
1056 1883 1220 1987 judicat,

119 2035 227 2108 quum
240 2010 280 2080 in
295 2011 477 2082 mirando
488 2011 845 2109 miroejucuaditutts
859 2011 1121 2107 clarissimique
1132 2036 1215 2085 caa-
1225 2033 1317 2083 uum⁴
1326 2049 1348 2082 ο.
1357 2040 1379 2082 ι.

120 2126 230 2209 dorio,
249 2134 324 2196 tum
340 2125 380 2196 ia
403 2125 634 2198 coercionibus
660 2149 772 2220 supra
786 2150 891 2219 quam
920 2118 1085 2198 oroncii
1094 2134 1218 2223 potest

119 2242 346 2337 eloquentur.

172 2353 233 2430 Ex
249 2352 322 2426 illis
348 2362 473 2427 tamen
499 2352 728 2427 orationibus
750 2353 890 2426 crimen
910 2344 950 2426 in
975 2378 1062 2427 eum
1086 2345 1382 2443 'oritunuuoeimi-

120 2484 301 2566 tanquam
318 2467 415 2540 iniis
432 2479 470 2541 et
486 2469 600 2541 fidem
617 2466 779 2541 historiae
805 2468 1018 2564 neglexerit,
1037 2480 1075 2543 et
1090 2495 1217 2545 exces-
1227 2454 1379 2564 affl*

119 2584 209 2661 serit
224 2583 392 2656 modum.
444 2583 482 2656 N
485 2609 528 2657 ec
545 2582 687 2656 levibus
703 2607 794 2655 sane
811 2575 1024 2657 auctoribus
1037 2575 1127 2660 'haec
1150 2584 1360 2659 cri-⁰⁰⁰⁰¹⁰⁰⁰³·

121 2698 275 2774 minatio
299 2696 436 2783 nititm,
456 2724 479 2771 a
505 2697 688 2795 Pompeio
714 2697 842 2793 Trogo
865 2691 954 2770 olim
979 2700 1152 2793 conjecta
1177 2701 1217 2773 in
1225 2726 1316 2774 ranan.
1327 2729 1347 2774 1.

121 2795 278 2901 uiuum,
300 2824 338 2887 et
359 2813 471 2886 ioan
497 2833 646 2911 quoque
671 2837 695 2885 a
718 2812 945 2886 doctissimis
968 2793 1371 2911 ingeniosissi-ffvffl‘

121 2931 264 3027 misque
295 2929 379 3002 viris
408 2941 596 3016 renovata,
614 2936 662 3015 et,
689 2925 794 3024 quod
817 2929 939 3022 majus
965 2940 1033 3017 est,
1050 2922 1217 3004 unanimi

119 3049 196 3121 iere
221 3043 479 3117 historicorum
510 3043 619 3137 hujus
648 3041 716 3115 aevi
746 3039 933 3116 consensu
960 3039 1214 3142 comprobata,
1224 3075 1250 3119 r.
1260 3074 1347 3121 nam

119 3162 184 3260 qui
200 3183 330 3234 omnes
348 3160 396 3231 ab
419 3157 605 3252 ejusmodi
630 3153 884 3243 concionibus,
902 3160 1105 3254 presertim
1122 3138 1363 3256 quasiffffl‘ssj

120 3286 260 3350 vocant
281 3274 454 3360 directas,
472 3271 678 3346 inserendis
700 3272 740 3344 in
761 3271 1012 3346 narrationem
1029 3298 1137 3349 suam
1154 3277 1217 3350 ab·

122 3393 293 3466 stinuere.

171 3506 306 3601 Neque
332 3501 402 3602 ego
431 3519 621 3604 receptum
643 3506 756 3579 hodie
779 3529 921 3580 morem
948 3508 1217 3605 reprehendere

120 3620 252 3706 ausim,
276 3645 387 3717 quem
412 3623 568 3695 fortasse
591 3622 703 3695 etiam
726 3621 909 3695 historicae
932 3625 1102 3720 gravitati
1128 3650 1217 3701 con·

120 3735 384 3812 venientiorem
400 3762 483 3811 esse
507 3761 585 3809 non
611 3740 745 3809 casua
755 3738 931 3831 jactatm.
982 3739 1163 3813 Attamen
1185 3731 1221 3814 si

120 3864 293 3927 auctores
307 3849 349 3923 in
372 3864 568 3947 utramque
593 3864 749 3948 partem,
767 3852 799 3926 si
816 3843 1002 3927 rationum
1028 3867 1219 3928 momenta·

122 3968 317 4066 diligenter·
345 3967 631 4063 perpendantur,
659 3966 728 4041 erit
750 3994 841 4042 sane
866 3992 933 4041 cur
958 3966 1104 4041 Livium
1126 3951 1218 4067 prtoss

120 4099 281 4180 propere¹
294 4084 475 4155 damnare
493 4104 695 4154 vereamur.

171 4198 210 4271 Si
227 4198 407 4294 gravitate
432 4208 626 4272 auctorum
648 4198 978 4296 exemplorumque
999 4225 1057 4274 res
1084 4197 1219 4300 dijudi-

634 4322 702 4387 Α4
