2942 4750
412 193 506 254 LIB.
524 195 619 254 XLV.
653 196 751 255 CAP.
771 196 857 256 XIX.
1112 201 1167 265 187

102 359 239 422 merceri
254 377 341 439 posse
351 392 364 430 ‚·
388 369 427 434 et,
449 359 503 422 uhi
516 361 700 442 publicanus
713 370 768 440 est,
782 359 855 423 ”ibi
875 360 998 445 ontjm
1015 363 1310 445 postmontes

101 465 226 523 uanum,
240 453 296 507 aut
320 444 486 508 libertatern
508 447 599 509 soct'ts
625 448 741 508 nouam
763 467 834 510 esse.
877 446 929 509 Ne
947 450 1028 530 ipsos
1051 447 1244 532 quidemst·
1258 445 1312 493 ¹⁶⁷·

102 529 294 592 Macedonas
306 531 415 593 tinem
436 553 572 593 enerrere
586 552 687 613 posse.
708 532 759 594 uhi
781 532 815 593 in
835 533 933 594 medio
945 536 1058 614 preda
1072 537 1169 597 odni-

101 616 299 679 nistrantibus
313 626 397 690 esset,
414 616 455 678 ibi
468 637 627 700 numquam
641 638 763 681 corusce
776 619 955 680 seditionum
978 629 1008 681 et
1028 622 1168 683 coturni·

101 703 152 764 nne
173 702 288 784 defore.
331 704 521 765 ”Commune
540 704 699 764 concilium
710 714 723 741 ⁰
735 705 836 788 gentis
858 705 1169 788 nunnamenster

101 788 209 870 melgor
219 807 240 848 a
250 796 357 849 senatu
366 790 533 871 cliqttondo
543 788 709 850 libertatem
721 788 836 851 sonui
846 792 1050 854 moderatione
1062 793 1170 854 clatum

101 873 144 933 nd
158 873 316 935 licentium
324 874 507 953 pestilentem
519 874 661 937 truhmt
692 873 732 935 In
748 877 1026 958 quotuorregioues
1039 877 1170 940 describi

101 957 332 1033 Macedonium,
347 968 382 1019 ut
400 980 482 1020 munt
501 980 623 1042 qttaeqm
645 958 800 1021 condimen
823 960 954 1035 inbuet,
977 961 1115 1044 placuit3
1138 972 1169 1026 et

101 1044 289 1105 'dimidient
310 1044 426 1118 tributi,
443 1065 531 1126 quone
553 1047 633 1126 quod
653 1044 773 1126 regibus
780 1044 874 1128 serre
894 1048 980 1108 soliti
1000 1058 1097 1122 norit,
1112 1068 1168 1128 po·

95 1128 175 1211 pulo
188 1129 328 1192 Romano
339 1131 480 1209 potuere.
525 1129 647 1193 Similia
663 1129 711 1191 his
725 1140 758 1191 et
773 1129 806 1190 in
823 1128 985 1215 illyricum
1007 1135 1166 1196 mandute.

102 1225 208 1277 cetera
222 1214 297 1296 ipsis
311 1213 554 1297 imperatoribus
570 1214 743 1300 legatisque
765 1214 883 1293 relicto,
899 1218 931 1277 in
952 1217 1067 1301 quibus
1082 1240 1166 1301 proe-

102 1320 175 1362 sens
190 1299 337 1362 eructatio
353 1321 457 1362 rerum
472 1300 607 1364 certiora
621 1299 801 1384 subjectum
817 1313 884 1363 eret
898 1302 1036 1365 consiliu.

147 1383 250 1447 XIX.
281 1385 370 1448 Inter
393 1385 506 1448 multas
528 1406 641 1471 regum
695 1384 878 1470 entiumque
912 1399 943 1449 et
974 1388 1164 1472 populorum
1173 1399 1272 1447 stulu

101 1470 277 1556 legationes
292 1470 427 1548 Attalus,
450 1471 546 1535 frater
567 1471 650 1556 regis
672 1408 838 1549 ilumenis,
854 1472 992 1536 maxime
1012 1462 1265 1539 convertitlffl‘·

99 1553 135 1617 in
150 1576 184 1618 se
198 1555 340 1618 omnium
356 1556 465 1618 oculos
479 1557 674 1641 animosque.
697 1567 847 1639 exceptus
868 1557 951 1620 enim
965 1572 1021 1632 ‚est
1042 1560 1083 1624 eb
1106 1562 1164 1637 his,

99 1640 157 1739 qui
172 1639 264 1703 simul
280 1662 318 1703 eo
333 1639 418 1704 bello
429 1641 656 1717 militaverunt,
666 1639 752 1704 houd
764 1640 873 1724 paullo
882 1643 1057 1728 benignius,
1070 1667 1166 1730 quom

96 1746 126 1789 ss
154 1726 222 1809 ipoe
245 1746 303 1788 rex
329 1726 488 1790 Eumenes
513 1729 657 1792 venisset
702 1728 910 1792 Adduxerunt
935 1750 1008 1792 eum
1031 1730 1106 1794 duae
1132 1733 1166 1793 in

96 1811 239 1895 speciem
254 1810 397 1876 honesue
412 1835 481 1876 res:
505 1834 581 1890 una,
597 1811 780 1900 gratulatio,
795 1814 986 1877 conveniens
1002 1817 1034 1878 in
1049 1838 1087 1879 eu
1101 1814 1165 1878 vic-

94 1898 191 1972 torie,
222 1918 318 1982 quem
358 1900 425 1982 ipse
460 1899 644 1984 adjuvisset:
685 1897 793 1980 ultera,
822 1899 1022 1985 querimonia
1049 1899 1166 1964 Gallici

94 1981 265 2062 tumultus,
280 1989 299 2022 ⁸¹
311 1982 525 2071 Advertaeque
538 1985 650 2071 gladiis
675 2005 809 2070 regnum
833 1987 866 2048 in
888 1983 1022 2050 dubium
1044 1986 1185 2051 adduc·-

94 2077 169 2131 tum
184 2089 260 2132 esse.
305 2069 440 2133 Suberat
456 2085 487 2134 et
501 2083 620 2135 secretu
634 2091 704 2154 spes
721 2073 876 2135 honorum
895 2075 1164 2159 praemiorumque

92 2152 140 2216 eb
153 2166 275 2231 senatu,
291 2176 364 2239 quse
379 2157 431 2217 vix
447 2159 531 2219 solva
551 2158 669 2239 pietate
683 2156 780 2239 ”ejus
801 2158 986 2242 contingere
1005 2169 1162 2241 poterent.

91 2251 190 2302 erant
203 2240 289 2302 enim
305 2239 434 2338 quidam
452 2242 671 2303 Romanorum
688 2257 814 2322 quoque
830 2261 893 2301 non
913 2244 988 2304 boni
1008 2257 1162 2320 auctores,

90 2325 232 2410 quispe
254 2324 458 2406 cupiditatem
481 2326 547 2408 ejus
568 2324 732 2386 elicerent:
757 2326 838 2385 Earn
860 2327 1033 2404 opinionem
1054 2329 1092 2388 cle
1108 2326 1163 2388 At-

90 2410 166 2474 talo
180 2418 211 2469 et
225 2409 360 2469 Eumene
374 2409 485 2469 Ιίοιηω
505 2429 575 2483 esse,
591 2418 745 2487 tamquam
759 2408 797 2466 cle
809 2406 907 2466 altero
925 2409 1071 2471 Romanis
1085 2419 1166 2473 certo

93 2494 210 2568 arnico,
227 2493 326 2554 altero
348 2513 401 2553 nec
417 2493 575 2568 Romanis,
593 2512 647 2552 nec
659 2491 754 2552 Persi
762 2490 834 2570 fido
847 2491 938 2553 socio.
985 2492 1093 2576 Itaque
1113 2495 1167 2557 uin

89 2579 307 2660 statuimur,
323 2587 430 2652 utrum,
444 2597 512 2663 qnae
519 2596 580 2659 pro
593 2598 634 2651 se,
650 2580 702 2649 on,
713 2595 782 2657 quae
793 2584 899 2637 contro
899 2575 1042 2659 fratrem
1051 2577 1165 2658 petitu

55 2698 72 2726 ι
89 2684 151 2730 rut
164 2674 251 2743 esset,
267 2665 306 2724 ob
319 2673 425 2726 senatu
439 2666 540 2747 nugis
555 2661 762 2745 impetrabilia
773 2657 901 2740 forent:
923 2664 1000 2724 odeo
1014 2666 1165 2728 uniuersos

91 2749 202 2814 omnio
216 2758 247 2812 et
261 2748 330 2812 lttic
343 2750 480 2826 tribuere,
491 2751 513 2782 ⁸⁸
523 2758 552 2812 et
567 2750 698 2811 illinere
709 2768 827 2830 negare.
863 2744 983 2811 Eorum
997 2747 1161 2812 hominum

92 2839 150 2920 (ut
164 2856 213 2897 res
227 2835 346 2910 docuit)
365 2835 490 2898 Attalus
506 2848 582 2909 eret,
599 2835 663 2918 qui,
679 2845 833 2917 quantum
849 2853 947 2915 spese
971 2834 1248 2919 mortinetum
1258 2857 1313 2907 spe·

93 2931 261 3002 cuperent,
277 2922 311 2983 ni
327 2921 420 2984 unius
435 2920 528 2984 amici
543 2919 683 3003 prudens
699 2917 832 2980 monitio
843 2918 927 2981 velut
952 2941 1043 2982 renos
1055 2921 1257 2984 animotss'*

93 3006 175 3089 ejus,
205 3006 352 3090 gestienti
383 3005 526 3069 secundis
557 3004 663 3084 rebus,
685 3003 881 3087 inposuisset.
926 3006 1060 3068 Stratius
1089 3028 1161 3070 cum

94 3112 136 3153 eo
151 3089 212 3154 fuit
225 3089 375 3167 medicus,
392 3091 432 3155 ud
447 3091 481 3155 id
496 3093 599 3173 ipsum
614 3114 633 3152 a
648 3111 712 3152 non
728 3110 841 3153 securo
863 3089 1007 3153 Eumene
1024 3092 1160 3154 Romam

94 3176 223 3251 missus,
240 3177 417 3261 speculator
432 3198 551 3255 rerum,
566 3198 638 3260 quoe
662 3197 682 3238 u
703 3173 799 3237 fratre
813 3188 990 3261 egerentur,
1008 3177 1162 3239 monitor-

19 3278 25 3303 ·
48 3266 57 3291 ⁹
97 3283 162 3347 que
176 3261 269 3339 fidus,
285 3262 312 3325 si
326 3262 436 3326 decedi
450 3262 512 3326 fide
530 3261 666 3324 vidisset
711 3259 755 3338 Is,
770 3257 811 3322 ud
833 3274 1000 3345 occupatus
1016 3263 1082 3346 jam
1105 3283 1161 3327 uu·

517 3403 531 3431 ⁰
540 3398 660 3446 mutilium
671 3397 740 3443 Cres.

130 3525 163 3571 77
188 3525 228 3571 [ii
248 3528 290 3569 out
305 3527 348 3586 jue
370 3524 488 3583 puellm
515 3520 613 3582 nonum}
645 3521 937 3579 incrementorum
951 3522 1161 3584 wnelllnmgentit

97 3589 146 3635 Ubi
165 3587 308 3647 publianus
327 3595 373 3640 est,
384 3589 528 3633 alterutrum
553 3586 615 3632 ecci·
646 3583 799 3629 nullumne.
1099 3590 1102 3601 ’

96 3654 262 3699 ιὶοτεηοωωο
272 3658 316 3697 est.
350 3654 400 3698 Aut
411 3651 533 3697 remissius
544 3662 615 3708 egere
678 3648 711 3693 80
733 3648 867 3695 Dtmtotm
888 3649 969 3696 trllutl
994 3664 1063 3710 quom

96 3712 395 3777 pablimijubebunturr
412 3721 470 3761 tunc
482 3711 526 3776 jus
536 3713 614 3772 ptrbli·
647 3710 720 3757 Ocius
742 3711 796 3757 dele
816 3726 873 3759 cum
896 3714 1017 3760 Gronovio
1039 3713 1065 3763 ei
1082 3727 1159 3774 qum·

96 3794 156 3828 eum
166 3792 259 3827 venum
275 3780 329 3831 erit.
349 3780 374 3825 id
391 3786 437 3831 est,
453 3792 483 3824 ex
499 3776 556 3839 jure
572 3777 614 3823 illo
646 3773 766 3834 Exempla
784 3776 872 3823 similia
890 3779 993 3838 reperies
1011 3780 1074 3825 intre
1090 3789 1160 3837 eapp·

95 3844 203 3905 publico,
215 3845 252 3889 vel
263 3846 365 3899 metalli,
377 3844 416 3889 vel
432 3842 540 3901 portarii,
554 3841 614 3885 nihil
646 3838 685 3886 26.
697 3844 722 3883 et
732 3837 772 3885 29.

95 3915 139 3956 eut
158 3908 327 3967 perpaululum
349 3910 459 3969 pecunie
477 3905 612 3965 recipietur.
676 3902 706 3949 81
723 3902 874 3966 Aduertaeproe
900 3904 1000 3967 malin]
1029 3900 1090 3950 um
1114 3914 1160 3961 pro

96 3974 149 4019 Aut
161 3973 304 4031 prbrioenus
315 3973 391 4033 rigide
397 3979 422 4017 et
429 3971 536 4017 districte
542 3974 612 4027 egets
644 3968 776 4025 desperatis
784 3970 908 4016 hebemus.

97 4043 156 4083 tum
167 4037 344 4083 mendis
355 4034 486 4082 nulluerit.
677 4030 709 4077 82
725 4028 798 4095 Eleu]
814 4033 895 4093 Magis
914 4033 1019 4092 placem
1032 4028 1055 4075 ei
1073 4028 1161 4077 mlit-

131 4101 164 4147 78
178 4101 247 4148 Idem
256 4099 372 4162 amm]
390 4099 522 4145 Mellemus
537 4095 563 4142 tt
575 4108 615 4141 ee·
643 4109 706 4156 gree.

97 4177 179 4210 nuere.
677 4160 710 4207 88
724 4161 759 4207 Et
776 4161 813 4207 llll
832 4171 886 4205 uero
905 4155 1003 4217 mpure]
1027 4154 1161 4216 limpham

131 4228 163 4274 79
181 4228 308 4276 Commune
321 4227 441 4275 ossuum
453 4226 531 4287 gentle
545 4224 614 4286 ercet]
645 4226 798 4283 agnoscimus
813 4224 838 4267 in
854 4220 1041 4279 pcrucunvm.
1074 4219 1160 4283 ltaque

19 4336 23 4356 ,
98 4291 163 4348 luto,
175 4293 400 4339 utreeteobservet
412 4290 531 4352 Sigonius,
544 4296 614 4336 etres
645 4289 704 4334 nihil
716 4288 863 4335 mutandum
875 4296 1009 4331 censemus.
