2942 4750
279 159 316 231 ir
655 152 1000 229 Primnum.

281 391 366 441 mus
390 362 519 438 tertius
539 362 642 450 liber,
665 372 704 437 et
723 386 862 460 magna
886 382 974 459 pers
996 358 1287 459 quadragesim,
1314 357 1380 456 qui
1442 366 1450 389 ⁴

281 481 477 556 finiebatur
490 479 530 552 in
546 478 602 551 his
626 479 744 552 verbis
759 503 845 576 cop.
866 480 926 552 37.
939 500 1008 576 per
1022 477 1243 573 omniosoru
1258 477 1382 551 conoi-

281 598 486 693 liobulaproe
509 596 709 667 odiosum.
760 594 877 667 Anno
899 590 1143 667 Mvanl.
1171 591 1384 689 Magonem
1443 644 1447 651 ⁴

282 736 331 787 ex
346 707 568 785 membranis
589 708 821 783 bibliothecae
846 709 886 781 in
901 708 983 781 sede
996 708 1137 782 ibidem
1159 708 1328 780 msxirne
1344 716 1383 779 et

284 822 587 920 Metropolitum,
605 822 657 896 D.
678 822 833 897 Martini
850 823 1052 921 appellem,
1068 823 1204 896 oddito
1217 832 1276 895 fflt
1291 844 1383 918 pars

282 938 364 1014 iibri
381 938 480 1012 tertii
502 946 539 1011 et
565 937 742 1034 trigesimi
770 940 818 1011 ob
844 938 901 1012 bis
923 938 1044 1012 verbis
1067 950 1150 1035 cop.
1183 946 1240 1011 1⁷.
1266 936 1385 1010 oretis
1426 1013 1429 1043 ι

271 1054 449 1153 fatendus
478 1054 658 1127 cobserent
674 1053 910 1139 Acarnaniae,
937 1053 1022 1149 (etsi
1048 1052 1125 1126 illic
1157 1051 1302 1148 legitur,
1333 1052 1384 1123 iis

277 1170 448 1270 portibus
462 1168 656 1263 coboereno)
669 1177 706 1240 et
722 1169 828 1263 quod
841 1168 970 1240 decret
986 1167 1079 1240 libro
1091 1165 1382 1263 quadragesimo
1449 1194 1450 1217 ι

283 1308 402 1380 usque
429 1283 480 1356 ad
500 1284 623 1356 finem.
676 1283 813 1356 Annus
839 1283 1009 1376 ejusdem
1030 1281 1148 1356 seculi
1173 1280 1315 1379 primus
1345 1286 1383 1353 et

283 1398 492 1495 trigesimus
516 1421 616 1471 novo
632 1423 779 1472 rursum
802 1422 875 1471 nos
896 1407 1078 1495 proventu
1094 1395 1228 1471 beavit
1280 1395 1382 1468 Tum

131 1516 133 1523 ’
281 1514 323 1588 in
349 1512 531 1589 Helvetiis
555 1513 686 1587 Simon
710 1513 895 1609 Grynaeus
911 1512 1062 1586 tdtimos
1074 1513 1241 1609 nudoque
1265 1509 1383 1584 libros

284 1640 449 1727 repertos
465 1629 504 1703 in
530 1628 754 1702 membranis
778 1629 879 1724 apud
905 1627 1170 1703 monasterimn
1192 1625 1382 1699 Lounsse·

285 1768 387 1829 num,
406 1744 517 1839 vulgo
544 1742 760 1828 Lorssense,
777 1768 799 1815 e
814 1742 963 1838 regione
990 1740 1253 1837 Borbetomngi
1277 1750 1382 1813 nans

287 1859 474 1943 Rhenum,
496 1883 563 1954 per
576 1859 601 1929 J
603 1881 764 1930 oannem
780 1856 813 1929 F
813 1857 1005 1931 robenium
1020 1856 1158 1955 publici
1168 1855 1263 1949 julis
1280 1853 1378 1928 fecit

285 1958 459 2065 Denique
476 1993 575 2042 anno
599 1970 813 2045 MDGXV.
829 1971 866 2044 J.
885 1970 1268 2058 Horrion,'societatis
1291 1969 1382 2044 Jesu
1449 1972 1450 2031 i

240 2150 242 2153 ,
285 2084 474 2168 sacerdos,
494 2082 712 2181 Bambergae
740 2085 831 2158 dum
854 2086 1020 2183 singulos
1039 2085 1272 2160 bibliothecae
1289 2085 1380 2181 pub

286 2199 368 2274 lice
400 2198 552 2273 codices
588 2200 740 2287 excutit,
774 2201 905 2275 incidit
943 2202 981 2274 in
1017 2203 1264 2286 membranas,
1297 2224 1381 2297 que

287 2315 498 2413 complures
514 2315 562 2390 T.
581 2316 676 2391 Livii
691 2316 817 2405 libros,
835 2317 874 2391 in
889 2317 947 2391 his
966 2328 1111 2415 partem
1132 2317 1297 2416 priorem
1311 2325 1381 2390 ter-

287 2432 327 2506 tii
352 2443 391 2506 et
415 2432 590 2529 trigesimi
616 2434 741 2508 adhuc
768 2435 1017 2508 desideratam
1042 2434 1253 2519 servabant,
1271 2456 1383 2529 quem

289 2547 437 2621 duobus
453 2558 539 2644 post
556 2548 663 2622 annis
680 2548 934 2622 Pederbornae
951 2549 1125 2644 vulgavit.

340 2661 436 2735 Haec
463 2662 512 2734 ad
526 2686 599 2736 nos
616 2688 664 2734 ex
690 2663 848 2738 Iiunne
871 2663 1024 2738 histoiia
1048 2672 1305 2760 pervenerunt,
1323 2662 1385 2735 vix

288 2785 420 2870 quarto
446 2799 533 2870 pers
563 2775 675 2849 totius
700 2778 844 2873 operis:
883 2805 966 2875 quae
996 2778 1140 2852 animos
1169 2778 1322 2875 quidem
1347 2788 1389 2851 et

286 2889 410 2961 tinctu
434 2889 703 2963 honestissimae
729 2893 931 2990 voluptatis
956 2894 1154 2991 perfundit,
1175 2902 1214 2967 et
1238 2892 1389 2968 utiliss-

128 3031 271 3107 ειιιιιιιι
289 3013 436 3077 momm
470 3004 780 3080 documentorum
809 3009 911 3082 bona
942 3010 1045 3105 fruge
1073 3009 1205 3106 pascit,
1236 3010 1307 3082 sed
1336 3007 1391 3083 ita

126 3109 276 3221 Q&
290 3130 332 3191 ut
357 3119 583 3194 desiderium
604 3144 754 3219 quoque
774 3132 812 3196 et
833 3123 977 3198 luctum
1001 3124 1178 3199 incendet
1201 3133 1259 3197 tot
1276 3123 1389 3197 amis·

127 3230 212 3271 m·
292 3253 417 3308 sorum
440 3236 680 3323 voluminum,
709 3263 793 3333 quae
820 3246 966 3366 tempus
993 3240 1093 3312 edax
1119 3238 1328 3335 absumpsit
1351 3247 1393 3312 et

114 3367 207 3477 dnjin
178 3373 210 3415 ιι.
204 3371 324 3478 ἐς..
291 3349 581 3442 precedentium
607 3361 758 3424 aetotum
774 3352 926 3427 incuria
979 3353 1082 3428 Nam
1107 3355 1210 3450 quod
1237 3364 1303 3427 out
1327 3353 1390 3427 Li·

291 3460 390 3532 vium
407 3472 538 3549 toturn,
558 3474 621 3537 aut
638 3476 738 3538 certe
758 3492 934 3563 magnam
950 3492 1079 3542 eorum
1095 3495 1179 3566 quoe
1197 3468 1391 3543 desidero·

290 3598 373 3647 mus
389 3586 544 3670 partem,
563 3577 624 3651 olii
646 3579 983 3680 Constantinopoli,
1002 3584 1063 3657 olii
1080 3586 1182 3681 apud
1198 3595 1392 3659 extremos

128 3704 171 3751 Mo
172 3705 272 3753 rhos-o
291 3687 515 3763 hominum
506 3716 545 3764 ιιι
570 3689 804 3782 Hiona,s1ve
831 3698 927 3772 lone
942 3698 1065 3773 insule
1083 3725 1201 3798 supra
1218 3698 1394 3775 Scotinm

212 3783 507 3880 ndelitescere
534 3807 764 3902 jactitemnt,
793 3812 886 3901 haec,
916 3814 999 3888 falsi
1029 3815 1172 3888 utinam
1206 3826 1311 3891 votes
1345 3816 1398 3891 si-

290 3923 393 3996 mus!
432 3923 578 3997 somnia
608 3949 690 3997 esse
723 3926 977 4004 existimomus
1010 3930 1231 4028 optantium
1303 3931 1397 4007 Nec

129 4046 252 4158 ὦ
214 4038 443 4112 ezmeliore
467 4063 538 4114 nos
564 4065 630 4136 spe
646 4039 788 4115 solatur
803 4042 842 4116 id
869 4047 972 4142 quod
1000 4045 1237 4123 Colomesius
1258 4048 1308 4121 ab
1324 4048 1400 4123 ho-

129 4174 275 4295 'iiio
192 4175 275 4221 ιιιιι.
292 4153 392 4227 mine
424 4155 652 4230 candidioris
694 4158 866 4253 pectoris,
899 4186 1015 4260 quom
1047 4161 1263 4237 felicioris
1253 4167 1404 4262 ingenii
