<?xml version="1.0" encoding="UTF-8"?>
<!DOCTYPE html PUBLIC "-//W3C//DTD XHTML 1.0 Transitional//EN"
    "http://www.w3.org/TR/xhtml1/DTD/xhtml1-transitional.dtd">
<html xmlns="http://www.w3.org/1999/xhtml" xml:lang="en" lang="en">
 <head>
  <title>
</title>
<meta http-equiv="Content-Type" content="text/html;charset=utf-8" />
  <meta name='ocr-system' content='tesseract 3.04.00' />
  <meta name='ocr-capabilities' content='ocr_page ocr_carea ocr_par ocr_line ocrx_word'/>
</head>
<body>
  <div class='ocr_page' id='page_1' title='image "./tliviipatavinih05crevgoog/tliviipatavinih05crevgoog_0022.png"; bbox 0 0 2942 4750; ppageno 0'>
   <div class='ocr_carea' id='block_1_1' title="bbox 271 212 970 273">
    <p class='ocr_par' dir='ltr' id='par_1_1' title="bbox 271 212 970 273">
     <span class='ocr_line' id='line_1_1' title="bbox 271 212 970 273; baseline 0.001 -2"><span class='ocrx_word' id='word_1_1' title='bbox 271 219 308 272; x_wconf 71' lang='lat' dir='ltr'><strong>ld</strong></span> <span class='ocrx_word' id='word_1_2' title='bbox 596 222 602 229; x_wconf 91' lang='lat'>&#39;</span> <span class='ocrx_word' id='word_1_3' title='bbox 650 212 926 273; x_wconf 76' lang='lat' dir='ltr'><strong>u1u1t1v11</strong></span> <span class='ocrx_word' id='word_1_4' title='bbox 967 212 970 219; x_wconf 85' lang='lat'>&#39;</span> 
     </span>
    </p>
   </div>
   <div class='ocr_carea' id='block_1_2' title="bbox 97 374 1334 463">
    <p class='ocr_par' dir='ltr' id='par_1_2' title="bbox 97 374 1334 463">
     <span class='ocr_line' id='line_1_2' title="bbox 97 374 1334 463; baseline -0.003 -15"><span class='ocrx_word' id='word_1_5' title='bbox 97 399 128 448; x_wconf 83' lang='lat' dir='ltr'><strong>tt.</strong></span> <span class='ocrx_word' id='word_1_6' title='bbox 139 398 167 447; x_wconf 83' lang='lat' dir='ltr'><strong>c.</strong></span> <span class='ocrx_word' id='word_1_7' title='bbox 179 397 234 447; x_wconf 73' lang='lat' dir='ltr'><strong>nrt</strong></span> <span class='ocrx_word' id='word_1_8' title='bbox 262 379 292 442; x_wconf 84' lang='lat' dir='ltr'><strong>si</strong></span> <span class='ocrx_word' id='word_1_9' title='bbox 303 379 337 441; x_wconf 60' lang='lat' dir='ltr'><strong>*ei</strong></span> <span class='ocrx_word' id='word_1_10' title='bbox 349 378 514 453; x_wconf 66' lang='lat' dir='ltr'><strong>videatur,</strong></span> <span class='ocrx_word' id='word_1_11' title='bbox 530 377 693 439; x_wconf 72' lang='lat' dir='ltr'><strong>mercidem</strong></span> <span class='ocrx_word' id='word_1_12' title='bbox 703 378 875 441; x_wconf 74' lang='lat' dir='ltr'><strong>trodtoeeret</strong></span> <span class='ocrx_word' id='word_1_13' title='bbox 888 379 922 441; x_wconf 82' lang='lat' dir='ltr'><strong>in</strong></span> <span class='ocrx_word' id='word_1_14' title='bbox 935 374 1078 463; x_wconf 72' lang='lat' dir='ltr'><strong>Ligmes.</strong></span> <span class='ocrx_word' id='word_1_15' title='bbox 1097 379 1101 385; x_wconf 81' lang='grc'><em>’</em></span> <span class='ocrx_word' id='word_1_16' title='bbox 1124 377 1226 444; x_wconf 90' lang='lat' dir='ltr'><strong>Simul</strong></span> <span class='ocrx_word' id='word_1_17' title='bbox 1240 402 1280 445; x_wconf 84' lang='lat' dir='ltr'><strong>ex</strong></span> <span class='ocrx_word' id='word_1_18' title='bbox 1295 379 1334 445; x_wconf 87' lang='lat' dir='ltr'><strong>li·</strong></span> 
     </span>
    </p>
   </div>
   <div class='ocr_carea' id='block_1_3' title="bbox 4 459 1392 3549">
    <p class='ocr_par' dir='ltr' id='par_1_3' title="bbox 4 459 1392 3549">
     <span class='ocr_line' id='line_1_3' title="bbox 97 459 1334 551; baseline 0.002 -23"><span class='ocrx_word' id='word_1_19' title='bbox 97 466 128 510; x_wconf 79' lang='grc' dir='ltr'><strong>Α·</strong></span> <span class='ocrx_word' id='word_1_20' title='bbox 140 464 167 512; x_wconf 76' lang='lat'><strong>0·</strong></span> <span class='ocrx_word' id='word_1_21' title='bbox 180 464 236 512; x_wconf 81' lang='lat' dir='ltr'><strong>ttt.</strong></span> <span class='ocrx_word' id='word_1_22' title='bbox 263 464 338 528; x_wconf 86' lang='lat' dir='ltr'><strong>teris</strong></span> <span class='ocrx_word' id='word_1_23' title='bbox 354 462 502 540; x_wconf 88' lang='lat' dir='ltr'><strong>consulis,</strong></span> <span class='ocrx_word' id='word_1_24' title='bbox 514 460 598 545; x_wconf 76' lang='lat' dir='ltr'><strong>quas&#39;</strong></span> <span class='ocrx_word' id='word_1_25' title='bbox 607 459 649 525; x_wconf 89' lang='lat' dir='ltr'><strong>de</strong></span> <span class='ocrx_word' id='word_1_26' title='bbox 662 461 756 526; x_wconf 86' lang='lat' dir='ltr'><strong>rebus</strong></span> <span class='ocrx_word' id='word_1_27' title='bbox 772 463 804 526; x_wconf 92' lang='lat' dir='ltr'><strong>in</strong></span> <span class='ocrx_word' id='word_1_28' title='bbox 821 464 916 529; x_wconf 88' lang='lat' dir='ltr'><strong>Istria</strong></span> <span class='ocrx_word' id='word_1_29' title='bbox 929 465 1026 551; x_wconf 84' lang='lat' dir='ltr'><strong>gestis</strong></span> <span class='ocrx_word' id='word_1_30' title='bbox 1041 464 1219 549; x_wconf 79' lang='lat' dir='ltr'><strong>scripserat,</strong></span> <span class='ocrx_word' id='word_1_31' title='bbox 1234 467 1268 530; x_wconf 89' lang='lat' dir='ltr'><strong>in</strong></span> <span class='ocrx_word' id='word_1_32' title='bbox 1283 467 1334 531; x_wconf 94' lang='lat' dir='ltr'><strong>bi·</strong></span> 
     </span>
     <span class='ocr_line' id='line_1_4' title="bbox 95 528 1333 655; baseline 0.002 -41"><span class='ocrx_word' id='word_1_33' title='bbox 95 528 362 655; x_wconf 51' lang='lat' dir='ltr'><strong>fflffiduum</strong></span> <span class='ocrx_word' id='word_1_34' title='bbox 378 547 566 633; x_wconf 87' lang='lat' dir='ltr'><strong>supplicatio</strong></span> <span class='ocrx_word' id='word_1_35' title='bbox 588 546 724 612; x_wconf 80' lang='lat' dir='ltr'><strong>decreta</strong></span> <span class='ocrx_word' id='word_1_36' title='bbox 770 548 814 612; x_wconf 75' lang='lat' dir='ltr'><strong>ut</strong></span> <span class='ocrx_word' id='word_1_37' title='bbox 836 550 877 613; x_wconf 91' lang='lat' dir='ltr'><strong>ab</strong></span> <span class='ocrx_word' id='word_1_38' title='bbox 894 551 995 614; x_wconf 89' lang='lat' dir='ltr'><strong>altero</strong></span> <span class='ocrx_word' id='word_1_39' title='bbox 1017 552 1148 615; x_wconf 87' lang='lat' dir='ltr'><strong>consule</strong></span> <span class='ocrx_word' id='word_1_40' title='bbox 1170 552 1223 619; x_wconf 88' lang='lat' dir='ltr'><strong>Ti.</strong></span> <span class='ocrx_word' id='word_1_41' title='bbox 1241 554 1333 618; x_wconf 87' lang='lat' dir='ltr'><strong>Sern-</strong></span> 
     </span>
     <span class='ocr_line' id='line_1_5' title="bbox 260 632 1333 726; baseline 0.001 -25"><span class='ocrx_word' id='word_1_42' title='bbox 260 639 377 721; x_wconf 92' lang='lat' dir='ltr'><strong>pronio</strong></span> <span class='ocrx_word' id='word_1_43' title='bbox 393 637 425 697; x_wconf 91' lang='lat' dir='ltr'><strong>in</strong></span> <span class='ocrx_word' id='word_1_44' title='bbox 443 632 592 697; x_wconf 84' lang='lat' dir='ltr'><strong>Sardinia</strong></span> <span class='ocrx_word' id='word_1_45' title='bbox 605 655 759 717; x_wconf 80' lang='lat' dir='ltr'><strong>prospere</strong></span> <span class='ocrx_word' id='word_1_46' title='bbox 773 657 823 698; x_wconf 90' lang='lat' dir='ltr'><strong>res</strong></span> <span class='ocrx_word' id='word_1_47' title='bbox 838 650 948 723; x_wconf 69' lang='lat' dir='ltr'><strong>gestae.</strong></span> <span class='ocrx_word' id='word_1_48' title='bbox 971 637 1157 701; x_wconf 83' lang='lat' dir='ltr'><strong>Exercitum</strong></span> <span class='ocrx_word' id='word_1_49' title='bbox 1170 639 1203 702; x_wconf 92' lang='lat' dir='ltr'><strong>in</strong></span> <span class='ocrx_word' id='word_1_50' title='bbox 1219 661 1333 726; x_wconf 77' lang='lat' dir='ltr'><strong>agrurn</strong></span> 
     </span>
     <span class='ocr_line' id='line_1_6' title="bbox 261 718 1334 807; baseline 0.002 -20"><span class='ocrx_word' id='word_1_51' title='bbox 261 724 436 790; x_wconf 73' lang='lat' dir='ltr'><strong>Sardorum</strong></span> <span class='ocrx_word' id='word_1_52' title='bbox 466 718 630 783; x_wconf 86' lang='lat' dir='ltr'><strong>Iliensium</strong></span> <span class='ocrx_word' id='word_1_53' title='bbox 659 719 798 784; x_wconf 81' lang='lat' dir='ltr'><strong>induxit.</strong></span> <span class='ocrx_word' id='word_1_54' title='bbox 847 723 1037 787; x_wconf 80' lang='lat' dir='ltr'><strong>Balarorum</strong></span> <span class='ocrx_word' id='word_1_55' title='bbox 1067 744 1185 807; x_wconf 71' lang='lat' dir='ltr'><strong>magua</strong></span> <span class='ocrx_word' id='word_1_56' title='bbox 1213 725 1334 789; x_wconf 88' lang='lat' dir='ltr'><strong>auxilia</strong></span> 
     </span>
     <span class='ocr_line' id='line_1_7' title="bbox 261 805 1332 895; baseline -0.001 -20"><span class='ocrx_word' id='word_1_57' title='bbox 261 809 430 875; x_wconf 76' lang='lat' dir='ltr'><strong>Iliensibus</strong></span> <span class='ocrx_word' id='word_1_58' title='bbox 459 819 622 869; x_wconf 85' lang='lat' dir='ltr'><strong>venerant.</strong></span> <span class='ocrx_word' id='word_1_59' title='bbox 675 805 759 869; x_wconf 85' lang='lat' dir='ltr'><strong>Cum</strong></span> <span class='ocrx_word' id='word_1_60' title='bbox 789 819 924 892; x_wconf 81' lang='lat' dir='ltr'><strong>utraque</strong></span> <span class='ocrx_word' id='word_1_61' title='bbox 947 820 1043 895; x_wconf 79' lang='lat' dir='ltr'><strong>geute</strong></span> <span class='ocrx_word' id='word_1_62' title='bbox 1072 808 1171 895; x_wconf 81' lang='lat' dir='ltr'><strong>signis</strong></span> <span class='ocrx_word' id='word_1_63' title='bbox 1199 811 1332 874; x_wconf 87' lang='lat' dir='ltr'><strong>conlatis</strong></span> 
     </span>
     <span class='ocr_line' id='line_1_8' title="bbox 259 889 1332 979; baseline 0.004 -23"><span class='ocrx_word' id='word_1_64' title='bbox 259 893 413 958; x_wconf 88' lang='lat' dir='ltr'><strong>conflixit.</strong></span> <span class='ocrx_word' id='word_1_65' title='bbox 435 889 497 953; x_wconf 90' lang='lat' dir='ltr'><strong>fusi</strong></span> <span class='ocrx_word' id='word_1_66' title='bbox 516 889 681 975; x_wconf 76' lang='lat' dir='ltr'><strong>fugatique</strong></span> <span class='ocrx_word' id='word_1_67' title='bbox 703 892 820 969; x_wconf 87' lang='lat' dir='ltr'><strong>hostes,</strong></span> <span class='ocrx_word' id='word_1_68' title='bbox 836 894 1009 979; x_wconf 86' lang='lat' dir='ltr'><strong>castrisque</strong></span> <span class='ocrx_word' id='word_1_69' title='bbox 1030 896 1138 958; x_wconf 86' lang='lat' dir='ltr'><strong>exuti:</strong></span> <span class='ocrx_word' id='word_1_70' title='bbox 1161 895 1332 960; x_wconf 79' lang='lat' dir='ltr'><strong>duodecim</strong></span> 
     </span>
     <span class='ocr_line' id='line_1_9' title="bbox 258 978 1331 1066; baseline 0.003 -24"><span class='ocrx_word' id='word_1_71' title='bbox 258 979 358 1042; x_wconf 87' lang='lat' dir='ltr'><strong>millia</strong></span> <span class='ocrx_word' id='word_1_72' title='bbox 373 988 567 1041; x_wconf 85' lang='lat' dir='ltr'><strong>armatorum</strong></span> <span class='ocrx_word' id='word_1_73' title='bbox 589 999 680 1040; x_wconf 81' lang='lat' dir='ltr'><strong>caesa.</strong></span> <span class='ocrx_word' id='word_1_74' title='bbox 727 978 861 1043; x_wconf 88' lang='lat' dir='ltr'><strong>Postero</strong></span> <span class='ocrx_word' id='word_1_75' title='bbox 883 979 936 1043; x_wconf 90' lang='lat' dir='ltr'><strong>die</strong></span> <span class='ocrx_word' id='word_1_76' title='bbox 957 1001 1046 1043; x_wconf 83' lang='lat' dir='ltr'><strong>arura</strong></span> <span class='ocrx_word' id='word_1_77' title='bbox 1065 979 1147 1044; x_wconf 87' lang='lat' dir='ltr'><strong>lecta</strong></span> <span class='ocrx_word' id='word_1_78' title='bbox 1161 982 1274 1066; x_wconf 81' lang='lat' dir='ltr'><strong>conjici</strong></span> <span class='ocrx_word' id='word_1_79' title='bbox 1297 984 1331 1045; x_wconf 94' lang='lat' dir='ltr'><strong>in</strong></span> 
     </span>
     <span class='ocr_line' id='line_1_10' title="bbox 258 1062 1330 1150; baseline 0.003 -21"><span class='ocrx_word' id='word_1_80' title='bbox 258 1076 406 1129; x_wconf 77' lang='lat' dir='ltr'><strong>acervum</strong></span> <span class='ocrx_word' id='word_1_81' title='bbox 435 1064 530 1148; x_wconf 85' lang='lat' dir='ltr'><strong>jussit</strong></span> <span class='ocrx_word' id='word_1_82' title='bbox 558 1062 680 1140; x_wconf 87' lang='lat' dir='ltr'><strong>consul,</strong></span> <span class='ocrx_word' id='word_1_83' title='bbox 713 1086 905 1150; x_wconf 88' lang='lat' dir='ltr'><strong>sacrumque</strong></span> <span class='ocrx_word' id='word_1_84' title='bbox 934 1065 967 1128; x_wconf 94' lang='lat' dir='ltr'><strong>id</strong></span> <span class='ocrx_word' id='word_1_85' title='bbox 995 1065 1142 1130; x_wconf 82' lang='lat' dir='ltr'><strong>Vulcano</strong></span> <span class='ocrx_word' id='word_1_86' title='bbox 1167 1068 1330 1132; x_wconf 78' lang='lat' dir='ltr'><strong>cremavit.</strong></span> 
     </span>
     <span class='ocr_line' id='line_1_11' title="bbox 258 1148 1392 1252; baseline 0.004 -38"><span class='ocrx_word' id='word_1_87' title='bbox 258 1150 423 1214; x_wconf 81' lang='lat' dir='ltr'><strong>Victorem</strong></span> <span class='ocrx_word' id='word_1_88' title='bbox 447 1149 622 1214; x_wconf 82' lang='lat' dir='ltr'><strong>exercitum</strong></span> <span class='ocrx_word' id='word_1_89' title='bbox 645 1150 678 1212; x_wconf 93' lang='lat' dir='ltr'><strong>in</strong></span> <span class='ocrx_word' id='word_1_90' title='bbox 702 1148 837 1215; x_wconf 89' lang='lat' dir='ltr'><strong>hiberna</strong></span> <span class='ocrx_word' id='word_1_91' title='bbox 862 1152 1019 1231; x_wconf 86' lang='lat' dir='ltr'><strong>sociarum</strong></span> <span class='ocrx_word' id='word_1_92' title='bbox 1042 1151 1171 1215; x_wconf 91' lang='lat' dir='ltr'><strong>urbium</strong></span> <span class='ocrx_word' id='word_1_93' title='bbox 1192 1152 1330 1252; x_wconf 57' lang='lat' dir='ltr'><strong>redusit.</strong></span> <span class='ocrx_word' id='word_1_94' title='bbox 1384 1210 1392 1229; x_wconf 86' lang='grc'><strong>,</strong></span> 
     </span>
     <span class='ocr_line' id='line_1_12' title="bbox 260 1223 1389 1324; baseline 0.002 -24"><span class='ocrx_word' id='word_1_95' title='bbox 260 1234 304 1300; x_wconf 88' lang='lat' dir='ltr'><strong>Et</strong></span> <span class='ocrx_word' id='word_1_96' title='bbox 316 1237 358 1300; x_wconf 87' lang='lat' dir='ltr'><strong>C.</strong></span> <span class='ocrx_word' id='word_1_97' title='bbox 375 1236 540 1313; x_wconf 88' lang='lat' dir='ltr'><strong>Claudius,</strong></span> <span class='ocrx_word' id='word_1_98' title='bbox 556 1234 656 1298; x_wconf 88' lang='lat' dir='ltr'><strong>literis</strong></span> <span class='ocrx_word' id='word_1_99' title='bbox 670 1232 725 1298; x_wconf 83' lang='lat' dir='ltr'><strong>Ti.</strong></span> <span class='ocrx_word' id='word_1_100' title='bbox 742 1236 871 1299; x_wconf 82' lang='lat' dir='ltr'><strong>Claudii</strong></span> <span class='ocrx_word' id='word_1_101' title='bbox 886 1249 918 1299; x_wconf 89' lang='lat' dir='ltr'><strong>et</strong></span> <span class='ocrx_word' id='word_1_102' title='bbox 932 1239 1206 1302; x_wconf 86' lang='lat' dir='ltr'><strong>senatusconsulto</strong></span> <span class='ocrx_word' id='word_1_103' title='bbox 1219 1223 1331 1324; x_wconf 69' lang='lat' dir='ltr'><strong>incoep-</strong></span> <span class='ocrx_word' id='word_1_104' title='bbox 1380 1299 1389 1319; x_wconf 64' lang='lat'><strong>,</strong></span> 
     </span>
     <span class='ocr_line' id='line_1_13' title="bbox 259 1320 1330 1408; baseline 0.004 -24"><span class='ocrx_word' id='word_1_105' title='bbox 259 1331 303 1398; x_wconf 86' lang='lat' dir='ltr'><strong>to,</strong></span> <span class='ocrx_word' id='word_1_106' title='bbox 320 1330 359 1385; x_wconf 75' lang='lat' dir='ltr'><strong>eir</strong></span> <span class='ocrx_word' id='word_1_107' title='bbox 377 1320 471 1385; x_wconf 82' lang='lat' dir='ltr'><strong>istria</strong></span> <span class='ocrx_word' id='word_1_108' title='bbox 493 1322 631 1407; x_wconf 84' lang='lat' dir='ltr'><strong>legiones</strong></span> <span class='ocrx_word' id='word_1_109' title='bbox 653 1322 685 1384; x_wconf 93' lang='lat' dir='ltr'><strong>in</strong></span> <span class='ocrx_word' id='word_1_110' title='bbox 709 1321 845 1408; x_wconf 78' lang='lat' dir='ltr'><strong>Ligures</strong></span> <span class='ocrx_word' id='word_1_111' title='bbox 867 1322 1057 1387; x_wconf 84' lang='lat' dir='ltr'><strong>transduxit</strong></span> <span class='ocrx_word' id='word_1_112' title='bbox 1104 1324 1156 1387; x_wconf 87' lang='lat' dir='ltr'><strong>Ad</strong></span> <span class='ocrx_word' id='word_1_113' title='bbox 1184 1325 1330 1389; x_wconf 85' lang='lat' dir='ltr'><strong>Sculten-</strong></span> 
     </span>
     <span class='ocr_line' id='line_1_14' title="bbox 245 1407 1333 1495; baseline 0.002 -24"><span class='ocrx_word' id='word_1_114' title='bbox 245 1414 333 1471; x_wconf 86' lang='lat' dir='ltr'><strong>&#39;nam</strong></span> <span class='ocrx_word' id='word_1_115' title='bbox 362 1407 482 1471; x_wconf 88' lang='lat' dir='ltr'><strong>flumen</strong></span> <span class='ocrx_word' id='word_1_116' title='bbox 505 1407 539 1470; x_wconf 92' lang='lat' dir='ltr'><strong>in</strong></span> <span class='ocrx_word' id='word_1_117' title='bbox 568 1428 697 1492; x_wconf 89' lang='lat' dir='ltr'><strong>campos</strong></span> <span class='ocrx_word' id='word_1_118' title='bbox 718 1409 880 1495; x_wconf 85' lang='lat' dir='ltr'><strong>progressi</strong></span> <span class='ocrx_word' id='word_1_119' title='bbox 902 1422 1004 1473; x_wconf 87' lang='lat' dir='ltr'><strong>castra</strong></span> <span class='ocrx_word' id='word_1_120' title='bbox 1030 1408 1191 1473; x_wconf 76' lang='lat' dir='ltr'><strong>habebant</strong></span> <span class='ocrx_word' id='word_1_121' title='bbox 1210 1409 1333 1477; x_wconf 62' lang='lat' dir='ltr'><strong>hostes</strong></span> 
     </span>
     <span class='ocr_line' id='line_1_15' title="bbox 4 1490 1330 1580; baseline 0.002 -23"><span class='ocrx_word' id='word_1_122' title='bbox 4 1490 14 1502; x_wconf 77' lang='grc'>’</span> <span class='ocrx_word' id='word_1_123' title='bbox 95 1498 198 1577; x_wconf 69' lang='lat' dir='ltr'><strong>Ligures</strong></span> <span class='ocrx_word' id='word_1_124' title='bbox 260 1493 309 1558; x_wconf 91' lang='lat' dir='ltr'><strong>Ibi</strong></span> <span class='ocrx_word' id='word_1_125' title='bbox 325 1515 398 1557; x_wconf 90' lang='lat' dir='ltr'><strong>cum</strong></span> <span class='ocrx_word' id='word_1_126' title='bbox 416 1493 466 1556; x_wconf 82' lang='lat' dir='ltr'><strong>hia</strong></span> <span class='ocrx_word' id='word_1_127' title='bbox 481 1493 552 1556; x_wconf 90' lang='lat' dir='ltr'><strong>acie.</strong></span> <span class='ocrx_word' id='word_1_128' title='bbox 569 1492 766 1558; x_wconf 89' lang='lat' dir='ltr'><strong>dimicatum.</strong></span> <span class='ocrx_word' id='word_1_129' title='bbox 796 1496 977 1580; x_wconf 90' lang='lat' dir='ltr'><strong>quindecim</strong></span> <span class='ocrx_word' id='word_1_130' title='bbox 993 1495 1092 1559; x_wconf 87' lang='lat' dir='ltr'><strong>millia</strong></span> <span class='ocrx_word' id='word_1_131' title='bbox 1107 1517 1206 1572; x_wconf 73' lang='lat' dir='ltr'><strong>caesa3</strong></span> <span class='ocrx_word' id='word_1_132' title='bbox 1229 1496 1330 1580; x_wconf 74' lang='lat' dir='ltr'><strong>”plus</strong></span> 
     </span>
     <span class='ocr_line' id='line_1_16' title="bbox 96 1567 1329 1678; baseline 0.002 -35"><span class='ocrx_word' id='word_1_133' title='bbox 96 1567 250 1678; x_wconf 44' lang='lat' dir='ltr'><strong>ffczfihu·</strong></span> <span class='ocrx_word' id='word_1_134' title='bbox 258 1580 448 1664; x_wconf 82' lang='lat' dir='ltr'><strong>septingenti</strong></span> <span class='ocrx_word' id='word_1_135' title='bbox 464 1588 543 1642; x_wconf 66' lang='lat' dir='ltr'><strong>aut*</strong></span> <span class='ocrx_word' id='word_1_136' title='bbox 565 1580 598 1641; x_wconf 92' lang='lat' dir='ltr'><strong>in</strong></span> <span class='ocrx_word' id='word_1_137' title='bbox 620 1579 747 1662; x_wconf 86' lang='lat' dir='ltr'><strong>proelio,</strong></span> <span class='ocrx_word' id='word_1_138' title='bbox 770 1596 826 1644; x_wconf 88' lang='lat' dir='ltr'><strong>aut</strong></span> <span class='ocrx_word' id='word_1_139' title='bbox 848 1581 881 1643; x_wconf 90' lang='lat' dir='ltr'><strong>in</strong></span> <span class='ocrx_word' id='word_1_140' title='bbox 904 1582 1014 1646; x_wconf 88' lang='lat' dir='ltr'><strong>castris</strong></span> <span class='ocrx_word' id='word_1_141' title='bbox 1038 1587 1127 1663; x_wconf 90' lang='lat' dir='ltr'><strong>(nam</strong></span> <span class='ocrx_word' id='word_1_142' title='bbox 1142 1604 1180 1645; x_wconf 85' lang='lat' dir='ltr'><strong>ee</strong></span> <span class='ocrx_word' id='word_1_143' title='bbox 1200 1604 1329 1668; x_wconf 86' lang='lat' dir='ltr'><strong>quoque</strong></span> 
     </span>
     <span class='ocr_line' id='line_1_17' title="bbox 259 1664 1329 1753; baseline 0.002 -24"><span class='ocrx_word' id='word_1_144' title='bbox 259 1677 443 1753; x_wconf 81' lang='lat' dir='ltr'><strong>expugnata</strong></span> <span class='ocrx_word' id='word_1_145' title='bbox 457 1664 545 1743; x_wconf 90' lang='lat' dir='ltr'><strong>sunt)</strong></span> <span class='ocrx_word' id='word_1_146' title='bbox 561 1665 666 1747; x_wconf 88' lang='lat' dir='ltr'><strong>capti:</strong></span> <span class='ocrx_word' id='word_1_147' title='bbox 689 1681 720 1728; x_wconf 89' lang='lat' dir='ltr'><strong>et</strong></span> <span class='ocrx_word' id='word_1_148' title='bbox 735 1667 827 1752; x_wconf 79' lang='lat' dir='ltr'><strong>signa</strong></span> <span class='ocrx_word' id='word_1_149' title='bbox 848 1667 996 1732; x_wconf 85' lang='lat' dir='ltr'><strong>militaria</strong></span> <span class='ocrx_word' id='word_1_150' title='bbox 1012 1689 1110 1730; x_wconf 92' lang='lat' dir='ltr'><strong>unum</strong></span> <span class='ocrx_word' id='word_1_151' title='bbox 1125 1680 1157 1731; x_wconf 90' lang='lat' dir='ltr'><strong>et</strong></span> <span class='ocrx_word' id='word_1_152' title='bbox 1169 1670 1329 1753; x_wconf 88' lang='lat' dir='ltr'><strong>quinqua·</strong></span> 
     </span>
     <span class='ocr_line' id='line_1_18' title="bbox 258 1746 1332 1839; baseline 0.002 -24"><span class='ocrx_word' id='word_1_153' title='bbox 258 1754 350 1839; x_wconf 77' lang='lat' dir='ltr'><strong>ginta</strong></span> <span class='ocrx_word' id='word_1_154' title='bbox 364 1763 465 1837; x_wconf 84' lang='lat' dir='ltr'><strong>capta.</strong></span> <span class='ocrx_word' id='word_1_155' title='bbox 510 1746 658 1835; x_wconf 84' lang='lat' dir='ltr'><strong>Ligures,</strong></span> <span class='ocrx_word' id='word_1_156' title='bbox 674 1751 817 1835; x_wconf 82' lang='lat' dir='ltr'><strong>reliquiae</strong></span> <span class='ocrx_word' id='word_1_157' title='bbox 833 1753 939 1832; x_wconf 88' lang='lat' dir='ltr'><strong>caedis,</strong></span> <span class='ocrx_word' id='word_1_158' title='bbox 955 1754 987 1815; x_wconf 90' lang='lat' dir='ltr'><strong>in</strong></span> <span class='ocrx_word' id='word_1_159' title='bbox 1004 1766 1129 1817; x_wconf 86' lang='lat' dir='ltr'><strong>montes</strong></span> <span class='ocrx_word' id='word_1_160' title='bbox 1146 1753 1214 1816; x_wconf 88' lang='lat' dir='ltr'><strong>refu</strong></span> <span class='ocrx_word' id='word_1_161' title='bbox 1256 1764 1332 1818; x_wconf 86' lang='lat' dir='ltr'><strong>runt</strong></span> 
     </span>
     <span class='ocr_line' id='line_1_19' title="bbox 258 1836 1326 1925; baseline 0.001 -23"><span class='ocrx_word' id='word_1_162' title='bbox 258 1839 393 1921; x_wconf 82' lang='lat' dir='ltr'><strong>passim:</strong></span> <span class='ocrx_word' id='word_1_163' title='bbox 425 1836 653 1922; x_wconf 87' lang='lat' dir='ltr'><strong>populantique</strong></span> <span class='ocrx_word' id='word_1_164' title='bbox 681 1847 873 1920; x_wconf 85' lang='lat' dir='ltr'><strong>campestres</strong></span> <span class='ocrx_word' id='word_1_165' title='bbox 901 1860 995 1925; x_wconf 84' lang='lat' dir='ltr'><strong>agros</strong></span> <span class='ocrx_word' id='word_1_166' title='bbox 1017 1838 1140 1901; x_wconf 89' lang='lat' dir='ltr'><strong>consuli</strong></span> <span class='ocrx_word' id='word_1_167' title='bbox 1163 1843 1250 1902; x_wconf 90' lang='lat' dir='ltr'><strong>nula</strong></span> <span class='ocrx_word' id='word_1_168' title='bbox 1273 1860 1326 1903; x_wconf 85' lang='lat' dir='ltr'><strong>us-</strong></span> 
     </span>
     <span class='ocr_line' id='line_1_20' title="bbox 259 1922 1330 2008; baseline 0.001 -21"><span class='ocrx_word' id='word_1_169' title='bbox 259 1933 355 2007; x_wconf 86' lang='lat' dir='ltr'><strong>quam</strong></span> <span class='ocrx_word' id='word_1_170' title='bbox 377 1924 596 2008; x_wconf 87' lang='lat' dir='ltr'><strong>adparuerunt</strong></span> <span class='ocrx_word' id='word_1_171' title='bbox 616 1942 714 1986; x_wconf 77' lang='lat' dir='ltr'><strong>arma</strong></span> <span class='ocrx_word' id='word_1_172' title='bbox 760 1922 928 2000; x_wconf 87' lang='lat' dir='ltr'><strong>Claudius,</strong></span> <span class='ocrx_word' id='word_1_173' title='bbox 945 1924 1084 1987; x_wconf 84' lang='lat' dir='ltr'><strong>duarum</strong></span> <span class='ocrx_word' id='word_1_174' title='bbox 1105 1926 1249 2008; x_wconf 81' lang='lat' dir='ltr'><strong>gentium</strong></span> <span class='ocrx_word' id='word_1_175' title='bbox 1264 1945 1330 1987; x_wconf 90' lang='lat' dir='ltr'><strong>uno</strong></span> 
     </span>
     <span class='ocr_line' id='line_1_21' title="bbox 259 2007 1328 2093; baseline 0.002 -20"><span class='ocrx_word' id='word_1_176' title='bbox 259 2029 344 2073; x_wconf 85' lang='lat' dir='ltr'><strong>enno</strong></span> <span class='ocrx_word' id='word_1_177' title='bbox 367 2009 478 2082; x_wconf 86' lang='lat' dir='ltr'><strong>victor,</strong></span> <span class='ocrx_word' id='word_1_178' title='bbox 495 2007 626 2085; x_wconf 89' lang='lat' dir='ltr'><strong>duabus,</strong></span> <span class='ocrx_word' id='word_1_179' title='bbox 643 2007 731 2093; x_wconf 90' lang='lat' dir='ltr'><strong>quod</strong></span> <span class='ocrx_word' id='word_1_180' title='bbox 754 2030 828 2073; x_wconf 89' lang='lat' dir='ltr'><strong>raro</strong></span> <span class='ocrx_word' id='word_1_181' title='bbox 850 2009 941 2089; x_wconf 89' lang='lat' dir='ltr'><strong>alius,</strong></span> <span class='ocrx_word' id='word_1_182' title='bbox 965 2009 997 2072; x_wconf 93' lang='lat' dir='ltr'><strong>in</strong></span> <span class='ocrx_word' id='word_1_183' title='bbox 1020 2009 1186 2072; x_wconf 89' lang='lat' dir='ltr'><strong>consulatu</strong></span> <span class='ocrx_word' id='word_1_184' title='bbox 1208 2012 1328 2093; x_wconf 84' lang='lat' dir='ltr'><strong>pecatis</strong></span> 
     </span>
     <span class='ocr_line' id='line_1_22' title="bbox 175 2094 1095 2177; baseline -0.002 -20"><span class='ocrx_word' id='word_1_185' title='bbox 175 2138 180 2149; x_wconf 68' lang='lat'><strong>.</strong></span> <span class='ocrx_word' id='word_1_186' title='bbox 258 2094 431 2177; x_wconf 87' lang='lat' dir='ltr'><strong>provinciis</strong></span> <span class='ocrx_word' id='word_1_187' title='bbox 447 2095 585 2157; x_wconf 86' lang='lat' dir='ltr'><strong>Romam</strong></span> <span class='ocrx_word' id='word_1_188' title='bbox 601 2094 738 2157; x_wconf 86' lang='lat' dir='ltr'><strong>revertit.</strong></span> <span class='ocrx_word' id='word_1_189' title='bbox 1093 2094 1095 2101; x_wconf 76' lang='grc'>’</span> 
     </span>
     <span class='ocr_line' id='line_1_23' title="bbox 97 2179 1330 2264; baseline 0 -20"><span class='ocrx_word' id='word_1_190' title='bbox 97 2188 216 2251; x_wconf 66' lang='lat' dir='ltr'><strong>monne</strong></span> <span class='ocrx_word' id='word_1_191' title='bbox 303 2179 399 2244; x_wconf 90' lang='lat' dir='ltr'><strong>Xlll.</strong></span> <span class='ocrx_word' id='word_1_192' title='bbox 432 2179 584 2264; x_wconf 86' lang='lat' dir='ltr'><strong>Prodigia</strong></span> <span class='ocrx_word' id='word_1_193' title='bbox 598 2200 733 2243; x_wconf 90' lang='lat' dir='ltr'><strong>eoanno</strong></span> <span class='ocrx_word' id='word_1_194' title='bbox 755 2180 914 2244; x_wconf 86' lang='lat' dir='ltr'><strong>nunciata.</strong></span> <span class='ocrx_word' id='word_1_195' title='bbox 939 2181 971 2242; x_wconf 93' lang='lat' dir='ltr'><strong>in</strong></span> <span class='ocrx_word' id='word_1_196' title='bbox 986 2179 1193 2243; x_wconf 88' lang='lat' dir='ltr'><strong>Crustumino</strong></span> <span class='ocrx_word' id='word_1_197' title='bbox 1207 2184 1330 2244; x_wconf 76' lang='lat' dir='ltr'><strong>“avem</strong></span> 
     </span>
     <span class='ocr_line' id='line_1_24' title="bbox 259 2265 1329 2354; baseline 0 -25"><span class='ocrx_word' id='word_1_198' title='bbox 259 2266 443 2354; x_wconf 83' lang='lat' dir='ltr'><strong>sengdelem</strong></span> <span class='ocrx_word' id='word_1_199' title='bbox 461 2270 571 2350; x_wconf 77' lang='lat' dir='ltr'><strong>(quam</strong></span> <span class='ocrx_word' id='word_1_200' title='bbox 592 2267 721 2347; x_wconf 84' lang='lat' dir='ltr'><strong>vocant)</strong></span> <span class='ocrx_word' id='word_1_201' title='bbox 736 2268 757 2298; x_wconf 76' lang='lat'><strong>⁶³</strong></span> <span class='ocrx_word' id='word_1_202' title='bbox 768 2288 892 2329; x_wconf 88' lang='lat' dir='ltr'><strong>sacrum</strong></span> <span class='ocrx_word' id='word_1_203' title='bbox 912 2265 1049 2350; x_wconf 89' lang='lat' dir='ltr'><strong>lapidem</strong></span> <span class='ocrx_word' id='word_1_204' title='bbox 1072 2278 1176 2329; x_wconf 86' lang='lat' dir='ltr'><strong>rostro</strong></span> <span class='ocrx_word' id='word_1_205' title='bbox 1197 2265 1329 2330; x_wconf 87' lang='lat' dir='ltr'><strong>cecidis-</strong></span> 
     </span>
     <span class='ocr_line' id='line_1_25' title="bbox 259 2350 1330 2439; baseline -0.001 -22"><span class='ocrx_word' id='word_1_206' title='bbox 259 2374 303 2417; x_wconf 88' lang='lat' dir='ltr'><strong>se.</strong></span> <span class='ocrx_word' id='word_1_207' title='bbox 347 2352 498 2417; x_wconf 74' lang='lat' dir='ltr'><strong>“Bovem</strong></span> <span class='ocrx_word' id='word_1_208' title='bbox 514 2352 546 2415; x_wconf 93' lang='lat' dir='ltr'><strong>in</strong></span> <span class='ocrx_word' id='word_1_209' title='bbox 565 2350 742 2437; x_wconf 77' lang='lat' dir='ltr'><strong>Campania</strong></span> <span class='ocrx_word' id='word_1_210' title='bbox 756 2351 929 2417; x_wconf 72' lang='lat' dir='ltr'><strong>locutumr.</strong></span> <span class='ocrx_word' id='word_1_211' title='bbox 974 2352 1112 2416; x_wconf 87' lang='lat' dir='ltr'><strong>Vaccam</strong></span> <span class='ocrx_word' id='word_1_212' title='bbox 1131 2372 1253 2416; x_wconf 83' lang='lat' dir='ltr'><strong>aeneam</strong></span> <span class='ocrx_word' id='word_1_213' title='bbox 1269 2353 1330 2439; x_wconf 83' lang='lat' dir='ltr'><strong>Sy·</strong></span> 
     </span>
     <span class='ocr_line' id='line_1_26' title="bbox 259 2437 1329 2525; baseline -0.001 -22"><span class='ocrx_word' id='word_1_214' title='bbox 259 2440 378 2504; x_wconf 86' lang='lat' dir='ltr'><strong>racusis</strong></span> <span class='ocrx_word' id='word_1_215' title='bbox 402 2440 443 2503; x_wconf 89' lang='lat' dir='ltr'><strong>ab</strong></span> <span class='ocrx_word' id='word_1_216' title='bbox 469 2439 585 2525; x_wconf 81' lang='lat' dir='ltr'><strong>agresti</strong></span> <span class='ocrx_word' id='word_1_217' title='bbox 608 2449 712 2514; x_wconf 88' lang='lat' dir='ltr'><strong>tauro,</strong></span> <span class='ocrx_word' id='word_1_218' title='bbox 738 2439 793 2522; x_wconf 89' lang='lat' dir='ltr'><strong>qui</strong></span> <span class='ocrx_word' id='word_1_219' title='bbox 815 2460 932 2521; x_wconf 89' lang='lat' dir='ltr'><strong>pecore</strong></span> <span class='ocrx_word' id='word_1_220' title='bbox 951 2438 1135 2514; x_wconf 82' lang='lat' dir='ltr'><strong>aberrasset,</strong></span> <span class='ocrx_word' id='word_1_221' title='bbox 1152 2437 1276 2519; x_wconf 89' lang='lat' dir='ltr'><strong>initam,</strong></span> <span class='ocrx_word' id='word_1_222' title='bbox 1290 2460 1329 2502; x_wconf 84' lang='lat' dir='ltr'><strong>ec</strong></span> 
     </span>
     <span class='ocr_line' id='line_1_27' title="bbox 260 2522 1329 2610; baseline -0.003 -21"><span class='ocrx_word' id='word_1_223' title='bbox 260 2527 379 2590; x_wconf 85' lang='lat' dir='ltr'><strong>semine</strong></span> <span class='ocrx_word' id='word_1_224' title='bbox 393 2527 583 2608; x_wconf 87' lang='lat' dir='ltr'><strong>adspersam.</strong></span> <span class='ocrx_word' id='word_1_225' title='bbox 630 2523 670 2589; x_wconf 91' lang='lat' dir='ltr'><strong>ln</strong></span> <span class='ocrx_word' id='word_1_226' title='bbox 692 2523 898 2587; x_wconf 87' lang='lat' dir='ltr'><strong>Crustumino</strong></span> <span class='ocrx_word' id='word_1_227' title='bbox 919 2522 1005 2586; x_wconf 90' lang='lat' dir='ltr'><strong>diem</strong></span> <span class='ocrx_word' id='word_1_228' title='bbox 1019 2525 1119 2586; x_wconf 87' lang='lat' dir='ltr'><strong>unuin</strong></span> <span class='ocrx_word' id='word_1_229' title='bbox 1141 2525 1175 2587; x_wconf 91' lang='lat' dir='ltr'><strong>in</strong></span> <span class='ocrx_word' id='word_1_230' title='bbox 1200 2524 1267 2610; x_wconf 88' lang='lat' dir='ltr'><strong>ipso</strong></span> <span class='ocrx_word' id='word_1_231' title='bbox 1283 2524 1329 2586; x_wconf 90' lang='lat' dir='ltr'><strong>lo·</strong></span> 
     </span>
     <span class='ocr_line' id='line_1_28' title="bbox 260 2606 1328 2690; baseline 0 -18"><span class='ocrx_word' id='word_1_232' title='bbox 260 2631 299 2672; x_wconf 90' lang='lat' dir='ltr'><strong>co</strong></span> <span class='ocrx_word' id='word_1_233' title='bbox 314 2610 505 2690; x_wconf 88' lang='lat' dir='ltr'><strong>supplicatio</strong></span> <span class='ocrx_word' id='word_1_234' title='bbox 518 2608 598 2669; x_wconf 88' lang='lat' dir='ltr'><strong>fuit:</strong></span> <span class='ocrx_word' id='word_1_235' title='bbox 622 2619 654 2669; x_wconf 91' lang='lat' dir='ltr'><strong>et</strong></span> <span class='ocrx_word' id='word_1_236' title='bbox 672 2609 705 2667; x_wconf 91' lang='lat' dir='ltr'><strong>in</strong></span> <span class='ocrx_word' id='word_1_237' title='bbox 730 2607 911 2688; x_wconf 85' lang='lat' dir='ltr'><strong>Campania</strong></span> <span class='ocrx_word' id='word_1_238' title='bbox 921 2607 979 2670; x_wconf 91' lang='lat' dir='ltr'><strong>bos</strong></span> <span class='ocrx_word' id='word_1_239' title='bbox 1000 2606 1113 2672; x_wconf 75' lang='lat' dir='ltr'><strong>alendo</strong></span> <span class='ocrx_word' id='word_1_240' title='bbox 1131 2610 1257 2690; x_wconf 88' lang='lat' dir='ltr'><strong>publice</strong></span> <span class='ocrx_word' id='word_1_241' title='bbox 1271 2608 1328 2672; x_wconf 86' lang='lat' dir='ltr'><strong>da·</strong></span> 
     </span>
     <span class='ocr_line' id='line_1_29' title="bbox 260 2690 1328 2776; baseline 0 -20"><span class='ocrx_word' id='word_1_242' title='bbox 260 2704 312 2756; x_wconf 89' lang='lat' dir='ltr'><strong>ta:</strong></span> <span class='ocrx_word' id='word_1_243' title='bbox 338 2693 636 2776; x_wconf 84' lang='lat' dir='ltr'><strong>Syracusanumque</strong></span> <span class='ocrx_word' id='word_1_244' title='bbox 649 2690 830 2776; x_wconf 83' lang='lat' dir='ltr'><strong>prodigium</strong></span> <span class='ocrx_word' id='word_1_245' title='bbox 848 2693 1021 2776; x_wconf 83' lang='lat' dir='ltr'><strong>expiatum,</strong></span> <span class='ocrx_word' id='word_1_246' title='bbox 1038 2693 1133 2756; x_wconf 84' lang='lat' dir='ltr'><strong>editis</strong></span> <span class='ocrx_word' id='word_1_247' title='bbox 1147 2692 1188 2755; x_wconf 91' lang='lat' dir='ltr'><strong>ab</strong></span> <span class='ocrx_word' id='word_1_248' title='bbox 1202 2694 1328 2776; x_wconf 76' lang='lat' dir='ltr'><strong>aruspi-</strong></span> 
     </span>
     <span class='ocr_line' id='line_1_30' title="bbox 260 2774 1330 2859; baseline -0.001 -17"><span class='ocrx_word' id='word_1_249' title='bbox 260 2777 350 2843; x_wconf 90' lang='lat' dir='ltr'><strong>cibus</strong></span> <span class='ocrx_word' id='word_1_250' title='bbox 373 2775 455 2852; x_wconf 91' lang='lat' dir='ltr'><strong>Diis‚</strong></span> <span class='ocrx_word' id='word_1_251' title='bbox 478 2775 594 2859; x_wconf 86' lang='lat' dir='ltr'><strong>quibus</strong></span> <span class='ocrx_word' id='word_1_252' title='bbox 616 2774 857 2857; x_wconf 86' lang='lat' dir='ltr'><strong>supplicaretur.</strong></span> <span class='ocrx_word' id='word_1_253' title='bbox 903 2778 1051 2842; x_wconf 81' lang='lat' dir='ltr'><strong>Pontifex</strong></span> <span class='ocrx_word' id='word_1_254' title='bbox 1075 2801 1114 2841; x_wconf 89' lang='lat' dir='ltr'><strong>co</strong></span> <span class='ocrx_word' id='word_1_255' title='bbox 1135 2798 1221 2842; x_wconf 90' lang='lat' dir='ltr'><strong>anuo</strong></span> <span class='ocrx_word' id='word_1_256' title='bbox 1243 2801 1330 2841; x_wconf 91' lang='lat' dir='ltr'><strong>mor·</strong></span> 
     </span>
     <span class='ocr_line' id='line_1_31' title="bbox 262 2859 1329 2947; baseline 0.001 -20"><span class='ocrx_word' id='word_1_257' title='bbox 262 2875 337 2927; x_wconf 90' lang='lat' dir='ltr'><strong>tuus</strong></span> <span class='ocrx_word' id='word_1_258' title='bbox 352 2875 399 2925; x_wconf 87' lang='lat' dir='ltr'><strong>est</strong></span> <span class='ocrx_word' id='word_1_259' title='bbox 422 2860 473 2925; x_wconf 89' lang='lat' dir='ltr'><strong>M.</strong></span> <span class='ocrx_word' id='word_1_260' title='bbox 491 2859 646 2924; x_wconf 89' lang='lat' dir='ltr'><strong>Claudius</strong></span> <span class='ocrx_word' id='word_1_261' title='bbox 661 2860 844 2939; x_wconf 88' lang='lat' dir='ltr'><strong>Marcellus,</strong></span> <span class='ocrx_word' id='word_1_262' title='bbox 861 2864 915 2947; x_wconf 93' lang='lat' dir='ltr'><strong>qui</strong></span> <span class='ocrx_word' id='word_1_263' title='bbox 939 2863 1050 2928; x_wconf 89' lang='lat' dir='ltr'><strong>consul</strong></span> <span class='ocrx_word' id='word_1_264' title='bbox 1072 2885 1246 2947; x_wconf 90' lang='lat' dir='ltr'><strong>censorque</strong></span> <span class='ocrx_word' id='word_1_265' title='bbox 1259 2863 1329 2928; x_wconf 87' lang='lat' dir='ltr'><strong>fue·</strong></span> 
     </span>
     <span class='ocr_line' id='line_1_32' title="bbox 222 2945 1328 3034; baseline 0.001 -21"><span class='ocrx_word' id='word_1_266' title='bbox 222 2978 233 2993; x_wconf 95' lang='lat'>·</span> <span class='ocrx_word' id='word_1_267' title='bbox 261 2961 322 3014; x_wconf 87' lang='lat' dir='ltr'><strong>rat.</strong></span> <span class='ocrx_word' id='word_1_268' title='bbox 344 2948 378 3011; x_wconf 90' lang='lat' dir='ltr'><strong>in</strong></span> <span class='ocrx_word' id='word_1_269' title='bbox 394 2948 460 3033; x_wconf 86' lang='lat' dir='ltr'><strong>ejus</strong></span> <span class='ocrx_word' id='word_1_270' title='bbox 475 2950 581 3010; x_wconf 90' lang='lat' dir='ltr'><strong>locum</strong></span> <span class='ocrx_word' id='word_1_271' title='bbox 597 2945 758 3010; x_wconf 84' lang='lat' dir='ltr'><strong>subfectus</strong></span> <span class='ocrx_word' id='word_1_272' title='bbox 773 2963 820 3011; x_wconf 86' lang='lat' dir='ltr'><strong>est</strong></span> <span class='ocrx_word' id='word_1_273' title='bbox 834 2948 978 3033; x_wconf 83' lang='lat' dir='ltr'><strong>pontifex</strong></span> <span class='ocrx_word' id='word_1_274' title='bbox 994 2949 1077 3013; x_wconf 87' lang='lat' dir='ltr'><strong>filius</strong></span> <span class='ocrx_word' id='word_1_275' title='bbox 1092 2951 1159 3034; x_wconf 89' lang='lat' dir='ltr'><strong>ejus</strong></span> <span class='ocrx_word' id='word_1_276' title='bbox 1176 2949 1222 3014; x_wconf 91' lang='lat' dir='ltr'><strong>M.</strong></span> <span class='ocrx_word' id='word_1_277' title='bbox 1237 2949 1328 3014; x_wconf 87' lang='lat' dir='ltr'><strong>Mar-</strong></span> 
     </span>
     <span class='ocr_line' id='line_1_33' title="bbox 99 3030 1327 3104; baseline -0.006 1"><span class='ocrx_word' id='word_1_278' title='bbox 99 3056 170 3104; x_wconf 83' lang='lat' dir='ltr'><strong>Luns</strong></span> <span class='ocrx_word' id='word_1_279' title='bbox 180 3056 243 3104; x_wconf 76' lang='lat' dir='ltr'><strong>noto·</strong></span> <span class='ocrx_word' id='word_1_280' title='bbox 261 3034 371 3100; x_wconf 90' lang='lat' dir='ltr'><strong>cellus.</strong></span> <span class='ocrx_word' id='word_1_281' title='bbox 397 3048 429 3098; x_wconf 91' lang='lat' dir='ltr'><strong>et</strong></span> <span class='ocrx_word' id='word_1_282' title='bbox 442 3032 602 3095; x_wconf 76' lang='lat' dir='ltr'><strong>“Lunam</strong></span> <span class='ocrx_word' id='word_1_283' title='bbox 616 3030 765 3095; x_wconf 80' lang='lat' dir='ltr'><strong>colonia⁸</strong></span> <span class='ocrx_word' id='word_1_284' title='bbox 778 3034 889 3098; x_wconf 78' lang='lat' dir='ltr'><strong>eodeni</strong></span> <span class='ocrx_word' id='word_1_285' title='bbox 912 3057 998 3098; x_wconf 87' lang='lat' dir='ltr'><strong>anno</strong></span> <span class='ocrx_word' id='word_1_286' title='bbox 1019 3036 1083 3098; x_wconf 90' lang='lat' dir='ltr'><strong>duo</strong></span> <span class='ocrx_word' id='word_1_287' title='bbox 1098 3035 1197 3098; x_wconf 89' lang='lat' dir='ltr'><strong>millia</strong></span> <span class='ocrx_word' id='word_1_288' title='bbox 1211 3037 1327 3099; x_wconf 84' lang='lat' dir='ltr'><strong>civium</strong></span> 
     </span>
     <span class='ocr_line' id='line_1_34' title="bbox 100 3117 1327 3199; baseline -0.002 -12"><span class='ocrx_word' id='word_1_289' title='bbox 100 3120 147 3167; x_wconf 60' lang='lat'><strong>¹¹¹³*</strong></span> <span class='ocrx_word' id='word_1_290' title='bbox 264 3124 486 3188; x_wconf 89' lang='lat' dir='ltr'><strong>Romanorum</strong></span> <span class='ocrx_word' id='word_1_291' title='bbox 507 3129 582 3184; x_wconf 78' lang='lat' dir='ltr'><strong>snrrt</strong></span> <span class='ocrx_word' id='word_1_292' title='bbox 603 3117 750 3181; x_wconf 87' lang='lat' dir='ltr'><strong>deducta.</strong></span> <span class='ocrx_word' id='word_1_293' title='bbox 795 3119 971 3184; x_wconf 90' lang='lat' dir='ltr'><strong>Triumviri</strong></span> <span class='ocrx_word' id='word_1_294' title='bbox 987 3119 1197 3199; x_wconf 87' lang='lat' dir='ltr'><strong>deduxerunt,</strong></span> <span class='ocrx_word' id='word_1_295' title='bbox 1215 3121 1248 3184; x_wconf 89' lang='lat' dir='ltr'><strong>P.</strong></span> <span class='ocrx_word' id='word_1_296' title='bbox 1265 3121 1327 3185; x_wconf 84' lang='lat' dir='ltr'><strong>AE·</strong></span> 
     </span>
     <span class='ocr_line' id='line_1_35' title="bbox 261 3203 1326 3294; baseline -0.001 -23"><span class='ocrx_word' id='word_1_297' title='bbox 261 3207 336 3286; x_wconf 85' lang='lat' dir='ltr'><strong>lius,</strong></span> <span class='ocrx_word' id='word_1_298' title='bbox 352 3207 392 3270; x_wconf 88' lang='lat' dir='ltr'><strong>L.</strong></span> <span class='ocrx_word' id='word_1_299' title='bbox 409 3204 544 3289; x_wconf 82' lang='lat' dir='ltr'><strong>Egilius,</strong></span> <span class='ocrx_word' id='word_1_300' title='bbox 559 3203 620 3267; x_wconf 91' lang='lat' dir='ltr'><strong>Cn.</strong></span> <span class='ocrx_word' id='word_1_301' title='bbox 636 3204 783 3268; x_wconf 89' lang='lat' dir='ltr'><strong>Sicinius.</strong></span> <span class='ocrx_word' id='word_1_302' title='bbox 806 3206 1029 3291; x_wconf 76' lang='lat' dir='ltr'><strong>quinquagena</strong></span> <span class='ocrx_word' id='word_1_303' title='bbox 1043 3219 1076 3270; x_wconf 90' lang='lat' dir='ltr'><strong>et</strong></span> <span class='ocrx_word' id='word_1_304' title='bbox 1090 3207 1215 3294; x_wconf 81' lang='lat' dir='ltr'><strong>singula</strong></span> <span class='ocrx_word' id='word_1_305' title='bbox 1231 3208 1326 3294; x_wconf 82' lang='lat' dir='ltr'><strong>juge·</strong></span> 
     </span>
     <span class='ocr_line' id='line_1_36' title="bbox 136 3289 1326 3378; baseline -0.001 -21"><span class='ocrx_word' id='word_1_306' title='bbox 136 3361 140 3368; x_wconf 70' lang='grc'>,</span> <span class='ocrx_word' id='word_1_307' title='bbox 262 3315 298 3356; x_wconf 83' lang='lat' dir='ltr'><strong>ra</strong></span> <span class='ocrx_word' id='word_1_308' title='bbox 312 3307 343 3356; x_wconf 90' lang='lat' dir='ltr'><strong>et</strong></span> <span class='ocrx_word' id='word_1_309' title='bbox 357 3291 499 3354; x_wconf 89' lang='lat' dir='ltr'><strong>semisses</strong></span> <span class='ocrx_word' id='word_1_310' title='bbox 514 3289 583 3374; x_wconf 79' lang='lat' dir='ltr'><strong>agri</strong></span> <span class='ocrx_word' id='word_1_311' title='bbox 598 3293 632 3352; x_wconf 87' lang='lat' dir='ltr'><strong>iu</strong></span> <span class='ocrx_word' id='word_1_312' title='bbox 653 3291 794 3377; x_wconf 81' lang='lat' dir='ltr'><strong>singulos</strong></span> <span class='ocrx_word' id='word_1_313' title='bbox 815 3292 882 3356; x_wconf 91' lang='lat' dir='ltr'><strong>dati</strong></span> <span class='ocrx_word' id='word_1_314' title='bbox 903 3307 987 3355; x_wconf 86' lang='lat' dir='ltr'><strong>sunt.</strong></span> <span class='ocrx_word' id='word_1_315' title='bbox 1016 3291 1057 3355; x_wconf 92' lang='lat' dir='ltr'><strong>de</strong></span> <span class='ocrx_word' id='word_1_316' title='bbox 1074 3293 1194 3378; x_wconf 80' lang='lat' dir='ltr'><strong>Ligure</strong></span> <span class='ocrx_word' id='word_1_317' title='bbox 1214 3305 1326 3376; x_wconf 88' lang='lat' dir='ltr'><strong>captus</strong></span> 
     </span>
     <span class='ocr_line' id='line_1_37' title="bbox 99 3375 1325 3464; baseline 0.001 -22"><span class='ocrx_word' id='word_1_318' title='bbox 99 3385 193 3434; x_wconf 76' lang='lat' dir='ltr'><strong>cuum</strong></span> <span class='ocrx_word' id='word_1_319' title='bbox 204 3386 246 3432; x_wconf 78' lang='lat' dir='ltr'><strong>at-</strong></span> <span class='ocrx_word' id='word_1_320' title='bbox 261 3380 287 3442; x_wconf 85' lang='lat' dir='ltr'><strong>is</strong></span> <span class='ocrx_word' id='word_1_321' title='bbox 302 3399 378 3461; x_wconf 84' lang='lat' dir='ltr'><strong>eger</strong></span> <span class='ocrx_word' id='word_1_322' title='bbox 392 3391 469 3440; x_wconf 89' lang='lat' dir='ltr'><strong>erat.</strong></span> <span class='ocrx_word' id='word_1_323' title='bbox 515 3375 722 3439; x_wconf 86' lang='lat' dir='ltr'><strong>Etruscorum</strong></span> <span class='ocrx_word' id='word_1_324' title='bbox 739 3391 820 3454; x_wconf 86' lang='lat' dir='ltr'><strong>ante,</strong></span> <span class='ocrx_word' id='word_1_325' title='bbox 837 3400 933 3464; x_wconf 90' lang='lat' dir='ltr'><strong>quam</strong></span> <span class='ocrx_word' id='word_1_326' title='bbox 949 3378 1118 3464; x_wconf 82' lang='lat' dir='ltr'><strong>Ligurum,</strong></span> <span class='ocrx_word' id='word_1_327' title='bbox 1132 3377 1245 3442; x_wconf 87' lang='lat' dir='ltr'><strong>fuerat.</strong></span> <span class='ocrx_word' id='word_1_328' title='bbox 1285 3378 1325 3443; x_wconf 90' lang='lat' dir='ltr'><strong>C.</strong></span> 
     </span>
     <span class='ocr_line' id='line_1_38' title="bbox 100 3453 1327 3549; baseline 0.001 -20"><span class='ocrx_word' id='word_1_329' title='bbox 100 3453 214 3512; x_wconf 81' lang='lat' dir='ltr'><strong>umpnus.</strong></span> <span class='ocrx_word' id='word_1_330' title='bbox 263 3464 415 3529; x_wconf 86' lang='lat' dir='ltr'><strong>Claudius</strong></span> <span class='ocrx_word' id='word_1_331' title='bbox 430 3463 540 3527; x_wconf 80' lang='lat' dir='ltr'><strong>consul</strong></span> <span class='ocrx_word' id='word_1_332' title='bbox 555 3461 595 3526; x_wconf 89' lang='lat' dir='ltr'><strong>ad</strong></span> <span class='ocrx_word' id='word_1_333' title='bbox 607 3463 719 3526; x_wconf 85' lang='lat' dir='ltr'><strong>urbem</strong></span> <span class='ocrx_word' id='word_1_334' title='bbox 734 3464 839 3528; x_wconf 88' lang='lat' dir='ltr'><strong>venit:</strong></span> <span class='ocrx_word' id='word_1_335' title='bbox 863 3466 926 3545; x_wconf 89' lang='lat' dir='ltr'><strong>cui,</strong></span> <span class='ocrx_word' id='word_1_336' title='bbox 937 3485 1036 3549; x_wconf 89' lang='lat' dir='ltr'><strong>quurn</strong></span> <span class='ocrx_word' id='word_1_337' title='bbox 1052 3465 1084 3527; x_wconf 92' lang='lat' dir='ltr'><strong>in</strong></span> <span class='ocrx_word' id='word_1_338' title='bbox 1100 3476 1211 3528; x_wconf 89' lang='lat' dir='ltr'><strong>senatu</strong></span> <span class='ocrx_word' id='word_1_339' title='bbox 1225 3464 1266 3529; x_wconf 90' lang='lat' dir='ltr'><strong>de</strong></span> <span class='ocrx_word' id='word_1_340' title='bbox 1277 3487 1327 3530; x_wconf 89' lang='lat' dir='ltr'><strong>re-</strong></span> 
     </span>
    </p>
   </div>
   <div class='ocr_carea' id='block_1_4' title="bbox 294 3559 1294 3630">
    <p class='ocr_par' dir='ltr' id='par_1_4' title="bbox 294 3559 1294 3630">
     <span class='ocr_line' id='line_1_39' title="bbox 294 3559 1294 3630; baseline 0 -4"><span class='ocrx_word' id='word_1_341' title='bbox 294 3583 308 3612; x_wconf 84' lang='lat'>¹</span> <span class='ocrx_word' id='word_1_342' title='bbox 324 3559 422 3627; x_wconf 58' lang='lat' dir='ltr'><strong>candel.</strong></span> <span class='ocrx_word' id='word_1_343' title='bbox 435 3582 506 3628; x_wconf 84' lang='lat' dir='ltr'><strong>Crcn.</strong></span> <span class='ocrx_word' id='word_1_344' title='bbox 520 3581 588 3628; x_wconf 78' lang='lat' dir='ltr'><strong>Creu.</strong></span> <span class='ocrx_word' id='word_1_345' title='bbox 638 3581 766 3629; x_wconf 75' lang='lat' dir='ltr'><strong>rlonnam</strong></span> <span class='ocrx_word' id='word_1_346' title='bbox 777 3583 845 3630; x_wconf 85' lang='lat' dir='ltr'><strong>Crev.</strong></span> <span class='ocrx_word' id='word_1_347' title='bbox 895 3587 910 3615; x_wconf 76' lang='lat'><em>2</em></span> <span class='ocrx_word' id='word_1_348' title='bbox 925 3583 1015 3629; x_wconf 80' lang='lat' dir='ltr'><strong>Lucem</strong></span> <span class='ocrx_word' id='word_1_349' title='bbox 1025 3584 1135 3629; x_wconf 75' lang='lat' dir='ltr'><strong>coloniam</strong></span> <span class='ocrx_word' id='word_1_350' title='bbox 1143 3583 1294 3630; x_wconf 55' lang='lat' dir='ltr'><strong>Gronffirer.</strong></span> 
     </span>
    </p>
   </div>
   <div class='ocr_carea' id='block_1_5' title="bbox 259 3681 1404 4319">
    <p class='ocr_par' dir='ltr' id='par_1_5' title="bbox 259 3681 1327 3880">
     <span class='ocr_line' id='line_1_40' title="bbox 296 3681 1326 3747; baseline 0.002 -19"><span class='ocrx_word' id='word_1_351' title='bbox 296 3682 325 3729; x_wconf 80' lang='lat'><strong>51</strong></span> <span class='ocrx_word' id='word_1_352' title='bbox 343 3683 403 3730; x_wconf 75' lang='lat' dir='ltr'><strong>Plus</strong></span> <span class='ocrx_word' id='word_1_353' title='bbox 419 3684 568 3747; x_wconf 70' lang='lat' dir='ltr'><strong>septingenti]</strong></span> <span class='ocrx_word' id='word_1_354' title='bbox 587 3684 625 3730; x_wconf 89' lang='lat' dir='ltr'><strong>Sic</strong></span> <span class='ocrx_word' id='word_1_355' title='bbox 641 3684 690 3744; x_wconf 81' lang='lat' dir='ltr'><strong>legi</strong></span> <span class='ocrx_word' id='word_1_356' title='bbox 703 3681 778 3746; x_wconf 84' lang='lat' dir='ltr'><strong>jussit</strong></span> <span class='ocrx_word' id='word_1_357' title='bbox 810 3686 849 3731; x_wconf 82' lang='lat' dir='ltr'><strong>dei</strong></span> <span class='ocrx_word' id='word_1_358' title='bbox 859 3686 978 3740; x_wconf 85' lang='lat' dir='ltr'><strong>Termini,</strong></span> <span class='ocrx_word' id='word_1_359' title='bbox 990 3686 1040 3731; x_wconf 84' lang='lat' dir='ltr'><strong>sire</strong></span> <span class='ocrx_word' id='word_1_360' title='bbox 1056 3682 1197 3746; x_wconf 88' lang='lat' dir='ltr'><strong>hujusmodi</strong></span> <span class='ocrx_word' id='word_1_361' title='bbox 1207 3685 1326 3744; x_wconf 81' lang='lat' dir='ltr'><strong>lapidum,</strong></span> 
     </span>
     <span class='ocr_line' id='line_1_41' title="bbox 263 3747 1076 3810; baseline 0.004 -17"><span class='ocrx_word' id='word_1_362' title='bbox 263 3747 399 3794; x_wconf 82' lang='lat' dir='ltr'><strong>Gronovius</strong></span> <span class='ocrx_word' id='word_1_363' title='bbox 409 3762 441 3794; x_wconf 80' lang='lat' dir='ltr'><strong>ex</strong></span> <span class='ocrx_word' id='word_1_364' title='bbox 452 3748 516 3795; x_wconf 81' lang='lat' dir='ltr'><strong>Livii</strong></span> <span class='ocrx_word' id='word_1_365' title='bbox 533 3762 610 3804; x_wconf 86' lang='lat' dir='ltr'><strong>more,</strong></span> <span class='ocrx_word' id='word_1_366' title='bbox 627 3762 676 3794; x_wconf 90' lang='lat' dir='ltr'><strong>uon</strong></span> <span class='ocrx_word' id='word_1_367' title='bbox 692 3750 777 3810; x_wconf 78' lang='lat' dir='ltr'><strong>septin-</strong></span> <span class='ocrx_word' id='word_1_368' title='bbox 811 3750 857 3795; x_wconf 86' lang='lat' dir='ltr'><strong>vid.</strong></span> <span class='ocrx_word' id='word_1_369' title='bbox 872 3749 935 3795; x_wconf 79' lang='lat' dir='ltr'><strong>Plut.</strong></span> <span class='ocrx_word' id='word_1_370' title='bbox 947 3751 972 3796; x_wconf 91' lang='lat' dir='ltr'><strong>in</strong></span> <span class='ocrx_word' id='word_1_371' title='bbox 985 3749 1076 3796; x_wconf 86' lang='lat' dir='ltr'><strong>Numa.</strong></span> 
     </span>
     <span class='ocr_line' id='line_1_42' title="bbox 259 3813 1327 3880; baseline 0.004 -22"><span class='ocrx_word' id='word_1_372' title='bbox 259 3813 343 3872; x_wconf 77' lang='lat' dir='ltr'><strong>gestia</strong></span> <span class='ocrx_word' id='word_1_373' title='bbox 842 3813 875 3859; x_wconf 71' lang='lat'><strong>54</strong></span> <span class='ocrx_word' id='word_1_374' title='bbox 897 3815 985 3861; x_wconf 80' lang='lat' dir='ltr'><strong>Bovem</strong></span> <span class='ocrx_word' id='word_1_375' title='bbox 1011 3816 1038 3859; x_wconf 67' lang='grc' dir='ltr'><strong>ἐκ</strong></span> <span class='ocrx_word' id='word_1_376' title='bbox 1065 3815 1193 3877; x_wconf 71' lang='lat' dir='ltr'><strong>emposta</strong></span> <span class='ocrx_word' id='word_1_377' title='bbox 1216 3814 1327 3880; x_wconf 65' lang='lat' dir='ltr'><strong>miens]</strong></span> 
     </span>
    </p>

    <p class='ocr_par' dir='ltr' id='par_1_6' title="bbox 262 3875 1330 4132">
     <span class='ocr_line' id='line_1_43' title="bbox 295 3875 1327 3940; baseline 0.001 -18"><span class='ocrx_word' id='word_1_378' title='bbox 295 3875 326 3924; x_wconf 76' lang='lat'><strong>52</strong></span> <span class='ocrx_word' id='word_1_379' title='bbox 342 3876 417 3922; x_wconf 78' lang='lat' dir='ltr'><strong>Avens</strong></span> <span class='ocrx_word' id='word_1_380' title='bbox 425 3877 571 3940; x_wconf 75' lang='lat' dir='ltr'><strong>sangrmlem]</strong></span> <span class='ocrx_word' id='word_1_381' title='bbox 591 3877 708 3923; x_wconf 87' lang='lat' dir='ltr'><strong>Scribitur</strong></span> <span class='ocrx_word' id='word_1_382' title='bbox 718 3890 778 3936; x_wconf 89' lang='lat' dir='ltr'><strong>quo·</strong></span> <span class='ocrx_word' id='word_1_383' title='bbox 811 3878 894 3936; x_wconf 84' lang='lat' dir='ltr'><strong>Vulgo</strong></span> <span class='ocrx_word' id='word_1_384' title='bbox 912 3878 1019 3925; x_wconf 70' lang='lat' dir='ltr'><strong>locuturis.</strong></span> <span class='ocrx_word' id='word_1_385' title='bbox 1050 3879 1097 3925; x_wconf 84' lang='lat' dir='ltr'><strong>Sed</strong></span> <span class='ocrx_word' id='word_1_386' title='bbox 1115 3881 1167 3927; x_wconf 85' lang='lat' dir='ltr'><strong>Juc.</strong></span> <span class='ocrx_word' id='word_1_387' title='bbox 1190 3879 1327 3924; x_wconf 82' lang='lat' dir='ltr'><strong>Gronovius</strong></span> 
     </span>
     <span class='ocr_line' id='line_1_44' title="bbox 262 3941 1327 4002; baseline 0.001 -16"><span class='ocrx_word' id='word_1_388' title='bbox 262 3941 442 4001; x_wconf 78' lang='lat' dir='ltr'><strong>quercuqunls&#39;r.</strong></span> <span class='ocrx_word' id='word_1_389' title='bbox 475 3942 513 3987; x_wconf 83' lang='lat' dir='ltr'><strong>De</strong></span> <span class='ocrx_word' id='word_1_390' title='bbox 527 3956 556 3988; x_wconf 87' lang='lat' dir='ltr'><strong>ea</strong></span> <span class='ocrx_word' id='word_1_391' title='bbox 567 3941 660 3987; x_wconf 85' lang='lat' dir='ltr'><strong>Plinius</strong></span> <span class='ocrx_word' id='word_1_392' title='bbox 676 3942 779 3987; x_wconf 84' lang='lat' dir='ltr'><strong>mentio·</strong></span> <span class='ocrx_word' id='word_1_393' title='bbox 810 3943 899 3988; x_wconf 85' lang='lat' dir='ltr'><strong>meluit</strong></span> <span class='ocrx_word' id='word_1_394' title='bbox 914 3943 1023 3996; x_wconf 65' lang='lat' dir='ltr'><strong>lunone.</strong></span> <span class='ocrx_word' id='word_1_395' title='bbox 1042 3950 1169 4002; x_wconf 81' lang='lat' dir='ltr'><strong>propterea</strong></span> <span class='ocrx_word' id='word_1_396' title='bbox 1184 3944 1249 4002; x_wconf 89' lang='lat' dir='ltr'><strong>quod</strong></span> <span class='ocrx_word' id='word_1_397' title='bbox 1268 3955 1327 3988; x_wconf 80' lang='lat' dir='ltr'><strong>mox</strong></span> 
     </span>
     <span class='ocr_line' id='line_1_45' title="bbox 262 4004 1232 4067; baseline 0.001 -17"><span class='ocrx_word' id='word_1_398' title='bbox 262 4017 319 4051; x_wconf 86' lang='lat' dir='ltr'><strong>nem</strong></span> <span class='ocrx_word' id='word_1_399' title='bbox 333 4006 392 4052; x_wconf 83' lang='lat' dir='ltr'><strong>facit</strong></span> <span class='ocrx_word' id='word_1_400' title='bbox 402 4007 419 4051; x_wconf 90' lang='lat' dir='ltr'><strong>l.</strong></span> <span class='ocrx_word' id='word_1_401' title='bbox 432 4005 465 4051; x_wconf 84' lang='lat' dir='ltr'><strong>X.</strong></span> <span class='ocrx_word' id='word_1_402' title='bbox 483 4019 503 4051; x_wconf 90' lang='lat' dir='ltr'><strong>c.</strong></span> <span class='ocrx_word' id='word_1_403' title='bbox 522 4007 543 4053; x_wconf 81' lang='lat' dir='ltr'><strong>t.</strong></span> <span class='ocrx_word' id='word_1_404' title='bbox 556 4006 614 4051; x_wconf 86' lang='lat' dir='ltr'><strong>Vid.</strong></span> <span class='ocrx_word' id='word_1_405' title='bbox 629 4012 653 4050; x_wconf 88' lang='lat' dir='ltr'><strong>et</strong></span> <span class='ocrx_word' id='word_1_406' title='bbox 670 4004 777 4050; x_wconf 83' lang='lat' dir='ltr'><strong>Festum.</strong></span> <span class='ocrx_word' id='word_1_407' title='bbox 811 4006 920 4066; x_wconf 87' lang='lat' dir='ltr'><strong>sequitur</strong></span> <span class='ocrx_word' id='word_1_408' title='bbox 930 4007 978 4053; x_wconf 81' lang='lat' dir='ltr'><strong>Bos</strong></span> <span class='ocrx_word' id='word_1_409' title='bbox 987 4006 1162 4067; x_wconf 60' lang='lat' dir='ltr'><strong>montusca</strong></span> <span class='ocrx_word' id='word_1_410' title='bbox 1171 4005 1232 4051; x_wconf 66' lang='lat' dir='ltr'><strong>dan.</strong></span> 
     </span>
     <span class='ocr_line' id='line_1_46' title="bbox 262 4066 1330 4132; baseline 0 -17"><span class='ocrx_word' id='word_1_411' title='bbox 262 4066 369 4122; x_wconf 68' lang='lat' dir='ltr'><strong>licutino</strong></span> <span class='ocrx_word' id='word_1_412' title='bbox 380 4077 478 4117; x_wconf 80' lang='lat' dir='ltr'><strong>tentum</strong></span> <span class='ocrx_word' id='word_1_413' title='bbox 490 4071 558 4116; x_wconf 87' lang='lat' dir='ltr'><strong>nobis</strong></span> <span class='ocrx_word' id='word_1_414' title='bbox 568 4074 627 4115; x_wconf 84' lang='lat' dir='ltr'><strong>notu</strong></span> <span class='ocrx_word' id='word_1_415' title='bbox 637 4073 681 4113; x_wconf 86' lang='lat' dir='ltr'><strong>est.</strong></span> <span class='ocrx_word' id='word_1_416' title='bbox 842 4069 875 4115; x_wconf 78' lang='grc'><strong>65</strong></span> <span class='ocrx_word' id='word_1_417' title='bbox 891 4070 992 4132; x_wconf 78' lang='lat' dir='ltr'><strong>Lucem]</strong></span> <span class='ocrx_word' id='word_1_418' title='bbox 1011 4070 1059 4118; x_wconf 83' lang='lat' dir='ltr'><strong>llic</strong></span> <span class='ocrx_word' id='word_1_419' title='bbox 1069 4071 1230 4119; x_wconf 75' lang='lat' dir='ltr'><strong>Gronovtane</strong></span> <span class='ocrx_word' id='word_1_420' title='bbox 1244 4070 1330 4115; x_wconf 84' lang='lat' dir='ltr'><strong>editio·</strong></span> 
     </span>
    </p>

    <p class='ocr_par' dir='ltr' id='par_1_7' title="bbox 261 4131 1404 4319">
     <span class='ocr_line' id='line_1_47' title="bbox 294 4131 1327 4194; baseline 0.004 -17"><span class='ocrx_word' id='word_1_421' title='bbox 294 4131 327 4177; x_wconf 82' lang='lat'><strong>58</strong></span> <span class='ocrx_word' id='word_1_422' title='bbox 342 4133 441 4179; x_wconf 78' lang='lat' dir='ltr'><strong>Sacrum</strong></span> <span class='ocrx_word' id='word_1_423' title='bbox 456 4132 567 4194; x_wconf 75' lang='lat' dir='ltr'><strong>lapident]</strong></span> <span class='ocrx_word' id='word_1_424' title='bbox 580 4133 694 4192; x_wconf 75' lang='lat' dir='ltr'><strong>Aliquem</strong></span> <span class='ocrx_word' id='word_1_425' title='bbox 705 4145 736 4177; x_wconf 79' lang='lat' dir='ltr'><strong>ex</strong></span> <span class='ocrx_word' id='word_1_426' title='bbox 747 4134 779 4178; x_wconf 86' lang='lat' dir='ltr'><strong>iis</strong></span> <span class='ocrx_word' id='word_1_427' title='bbox 810 4147 853 4180; x_wconf 87' lang='lat' dir='ltr'><strong>nes</strong></span> <span class='ocrx_word' id='word_1_428' title='bbox 875 4136 966 4182; x_wconf 79' lang='lat' dir='ltr'><strong>hebent</strong></span> <span class='ocrx_word' id='word_1_429' title='bbox 984 4135 1095 4182; x_wconf 69' lang='lat' dir='ltr'><strong>tem:</strong></span> <span class='ocrx_word' id='word_1_430' title='bbox 1122 4135 1245 4182; x_wconf 66' lang='lat' dir='ltr'><strong>mendon-</strong></span> <span class='ocrx_word' id='word_1_431' title='bbox 1277 4132 1327 4179; x_wconf 83' lang='lat' dir='ltr'><strong>Ve-</strong></span> 
     </span>
     <span class='ocr_line' id='line_1_48' title="bbox 261 4194 1404 4258; baseline 0.001 -14"><span class='ocrx_word' id='word_1_432' title='bbox 261 4194 390 4253; x_wconf 71' lang='lat' dir='ltr'><strong>lapidlbus,</strong></span> <span class='ocrx_word' id='word_1_433' title='bbox 401 4211 462 4256; x_wconf 91' lang='lat' dir='ltr'><strong>quos</strong></span> <span class='ocrx_word' id='word_1_434' title='bbox 473 4197 632 4243; x_wconf 86' lang='lat' dir='ltr'><strong>tennlnendis</strong></span> <span class='ocrx_word' id='word_1_435' title='bbox 643 4195 707 4255; x_wconf 71' lang='lat' dir='ltr'><strong>agris</strong></span> <span class='ocrx_word' id='word_1_436' title='bbox 718 4197 778 4242; x_wconf 81' lang='lat' dir='ltr'><strong>fixos</strong></span> <span class='ocrx_word' id='word_1_437' title='bbox 810 4199 923 4244; x_wconf 86' lang='lat' dir='ltr'><strong>tustiores</strong></span> <span class='ocrx_word' id='word_1_438' title='bbox 938 4199 1072 4258; x_wconf 67' lang='lat' dir='ltr'><strong>proferunt</strong></span> <span class='ocrx_word' id='word_1_439' title='bbox 1083 4198 1182 4256; x_wconf 70' lang='lat' dir='ltr'><strong>Lucem,</strong></span> <span class='ocrx_word' id='word_1_440' title='bbox 1194 4204 1220 4246; x_wconf 83' lang='lat' dir='ltr'><strong>et</strong></span> <span class='ocrx_word' id='word_1_441' title='bbox 1229 4209 1330 4245; x_wconf 69' lang='lat' dir='ltr'><strong>wen-</strong></span> <span class='ocrx_word' id='word_1_442' title='bbox 1397 4245 1404 4252; x_wconf 69' lang='grc'>,</span> 
     </span>
     <span class='ocr_line' id='line_1_49' title="bbox 261 4260 1113 4319; baseline 0.007 -16"><span class='ocrx_word' id='word_1_443' title='bbox 261 4260 442 4313; x_wconf 76' lang='lat' dir='ltr'><strong>consecutam,</strong></span> <span class='ocrx_word' id='word_1_444' title='bbox 458 4263 576 4307; x_wconf 83' lang='lat' dir='ltr'><strong>ornabant</strong></span> <span class='ocrx_word' id='word_1_445' title='bbox 593 4260 700 4313; x_wconf 77' lang='lat' dir='ltr'><strong>floribus,</strong></span> <span class='ocrx_word' id='word_1_446' title='bbox 714 4261 779 4307; x_wconf 82' lang='lat' dir='ltr'><strong>olivo</strong></span> <span class='ocrx_word' id='word_1_447' title='bbox 811 4263 842 4309; x_wconf 87' lang='lat' dir='ltr'><strong>tit</strong></span> <span class='ocrx_word' id='word_1_448' title='bbox 850 4261 996 4319; x_wconf 86' lang='lat' dir='ltr'><strong>Velleius,l.</strong></span> <span class='ocrx_word' id='word_1_449' title='bbox 1009 4263 1029 4308; x_wconf 87' lang='lat' dir='ltr'><strong>l.</strong></span> <span class='ocrx_word' id='word_1_450' title='bbox 1040 4275 1061 4309; x_wconf 83' lang='lat' dir='ltr'><strong>c.</strong></span> <span class='ocrx_word' id='word_1_451' title='bbox 1075 4262 1113 4309; x_wconf 77' lang='lat' dir='ltr'><strong>ld.</strong></span> 
     </span>
    </p>
   </div>
   <div class='ocr_carea' id='block_1_6' title="bbox 262 4321 1367 4410">
    <p class='ocr_par' dir='ltr' id='par_1_8' title="bbox 262 4321 1367 4410">
     <span class='ocr_line' id='line_1_50' title="bbox 262 4321 1367 4410; baseline 0.005 -40"><span class='ocrx_word' id='word_1_452' title='bbox 262 4321 395 4384; x_wconf 75' lang='lat' dir='ltr'><strong>urgebunt,</strong></span> <span class='ocrx_word' id='word_1_453' title='bbox 406 4327 452 4369; x_wconf 86' lang='lat' dir='ltr'><strong>etc.</strong></span> <span class='ocrx_word' id='word_1_454' title='bbox 485 4324 524 4370; x_wconf 87' lang='lat' dir='ltr'><strong>De</strong></span> <span class='ocrx_word' id='word_1_455' title='bbox 539 4323 655 4383; x_wconf 70' lang='lat' dir='ltr'><strong>religione</strong></span> <span class='ocrx_word' id='word_1_456' title='bbox 669 4329 695 4370; x_wconf 84' lang='lat' dir='ltr'><strong>et</strong></span> <span class='ocrx_word' id='word_1_457' title='bbox 710 4325 779 4372; x_wconf 86' lang='lat' dir='ltr'><strong>cultu</strong></span> <span class='ocrx_word' id='word_1_458' title='bbox 819 4359 824 4366; x_wconf 82' lang='lat'>-</span> <span class='ocrx_word' id='word_1_459' title='bbox 1346 4371 1367 4410; x_wconf 34' lang='grc' dir='ltr'><strong>ι</strong></span> 
     </span>
    </p>
   </div>
   <div class='ocr_carea' id='block_1_7' title="bbox 0 0 1476 4750">
    <p class='ocr_par' dir='ltr' id='par_1_9' title="bbox 0 0 1476 4750">
     <span class='ocr_line' id='line_1_51' title="bbox 0 0 1476 4750; baseline 0 2"><span class='ocrx_word' id='word_1_460' title='bbox 0 0 1476 4750; x_wconf 95' lang='lat' dir='ltr'><strong> </strong></span> 
     </span>
    </p>
   </div>
  </div>
 </body>
</html>
