<?xml version="1.0" encoding="UTF-8"?>
<!DOCTYPE html PUBLIC "-//W3C//DTD XHTML 1.0 Transitional//EN"
    "http://www.w3.org/TR/xhtml1/DTD/xhtml1-transitional.dtd">
<html xmlns="http://www.w3.org/1999/xhtml" xml:lang="en" lang="en">
 <head>
  <title>
</title>
<meta http-equiv="Content-Type" content="text/html;charset=utf-8" />
  <meta name='ocr-system' content='tesseract 3.04.00' />
  <meta name='ocr-capabilities' content='ocr_page ocr_carea ocr_par ocr_line ocrx_word'/>
</head>
<body>
  <div class='ocr_page' id='page_1' title='image "./tliviipatavinih05crevgoog/tliviipatavinih05crevgoog_0584.png"; bbox 0 0 2942 4750; ppageno 0'>
   <div class='ocr_carea' id='block_1_1' title="bbox 245 188 1348 449">
    <p class='ocr_par' dir='ltr' id='par_1_1' title="bbox 245 188 1348 449">
     <span class='ocr_line' id='line_1_1' title="bbox 247 188 934 261; baseline -0.004 0"><span class='ocrx_word' id='word_1_1' title='bbox 247 199 317 261; x_wconf 69' lang='lat' dir='ltr'><strong>cviii</strong></span> <span class='ocrx_word' id='word_1_2' title='bbox 658 196 789 261; x_wconf 74' lang='lat' dir='ltr'><strong>Am</strong></span> <span class='ocrx_word' id='word_1_3' title='bbox 801 188 934 260; x_wconf 85' lang='lat' dir='ltr'><strong>NDIX</strong></span> 
     </span>
     <span class='ocr_line' id='line_1_2' title="bbox 245 350 1348 449; baseline -0.006 -21"><span class='ocrx_word' id='word_1_4' title='bbox 245 365 317 449; x_wconf 71' lang='lat' dir='ltr'><strong>quse</strong></span> <span class='ocrx_word' id='word_1_5' title='bbox 331 362 442 448; x_wconf 86' lang='lat' dir='ltr'><strong>priscis</strong></span> <span class='ocrx_word' id='word_1_6' title='bbox 452 361 649 449; x_wconf 74' lang='lat' dir='ltr'>temporibus</span> <span class='ocrx_word' id='word_1_7' title='bbox 661 361 776 442; x_wconf 79' lang='lat' dir='ltr'><strong>iuerat,</strong></span> <span class='ocrx_word' id='word_1_8' title='bbox 792 350 837 428; x_wconf 73' lang='lat' dir='ltr'><strong>its</strong></span> <span class='ocrx_word' id='word_1_9' title='bbox 846 375 885 429; x_wconf 89' lang='lat' dir='ltr'><strong>ut</strong></span> <span class='ocrx_word' id='word_1_10' title='bbox 896 356 1006 426; x_wconf 83' lang='lat' dir='ltr'><strong>decem</strong></span> <span class='ocrx_word' id='word_1_11' title='bbox 1016 356 1090 424; x_wconf 67' lang='lat' dir='ltr'><strong>nris</strong></span> <span class='ocrx_word' id='word_1_12' title='bbox 1102 357 1208 445; x_wconf 77' lang='lat' dir='ltr'><strong>gravis</strong></span> <span class='ocrx_word' id='word_1_13' title='bbox 1218 377 1348 445; x_wconf 79' lang='lat' dir='ltr'><strong>semper·</strong></span> 
     </span>
    </p>
   </div>
   <div class='ocr_carea' id='block_1_2' title="bbox 1398 294 1452 365">
    <p class='ocr_par' dir='ltr' id='par_1_2' title="bbox 1398 294 1452 365">
     <span class='ocr_line' id='line_1_3' title="bbox 1398 294 1452 333; baseline 0.037 -2"><span class='ocrx_word' id='word_1_14' title='bbox 1398 294 1452 333; x_wconf 59' lang='grc' dir='ltr'><strong>οἱ</strong></span> 
     </span>
     <span class='ocr_line' id='line_1_4' title="bbox 1444 349 1452 365; baseline 0 0"><span class='ocrx_word' id='word_1_15' title='bbox 1444 349 1452 365; x_wconf 67' lang='lat' dir='ltr'>fl</span> 
     </span>
    </p>
   </div>
   <div class='ocr_carea' id='block_1_3' title="bbox 245 444 1452 534">
    <p class='ocr_par' dir='ltr' id='par_1_3' title="bbox 245 444 1452 534">
     <span class='ocr_line' id='line_1_5' title="bbox 245 444 1452 534; baseline -0.002 -22"><span class='ocrx_word' id='word_1_16' title='bbox 245 449 549 534; x_wconf 69' lang='lat' dir='ltr'><strong>ambulaverint&#39;pro</strong></span> <span class='ocrx_word' id='word_1_17' title='bbox 563 448 694 514; x_wconf 80' lang='lat' dir='ltr'><strong>denario</strong></span> <span class='ocrx_word' id='word_1_18' title='bbox 708 472 784 527; x_wconf 81' lang='lat' dir='ltr'><strong>uno,</strong></span> <span class='ocrx_word' id='word_1_19' title='bbox 797 472 834 514; x_wconf 89' lang='lat' dir='ltr'><strong>ac</strong></span> <span class='ocrx_word' id='word_1_20' title='bbox 848 448 982 534; x_wconf 86' lang='lat' dir='ltr'><strong>proinde</strong></span> <span class='ocrx_word' id='word_1_21' title='bbox 992 446 1078 532; x_wconf 78' lang='lat' dir='ltr'><strong>puris</strong></span> <span class='ocrx_word' id='word_1_22' title='bbox 1092 465 1167 510; x_wconf 81' lang='lat' dir='ltr'><strong>cum</strong></span> <span class='ocrx_word' id='word_1_23' title='bbox 1179 444 1347 510; x_wconf 62' lang='lat' dir='ltr'><strong>wdecim</strong></span> <span class='ocrx_word' id='word_1_24' title='bbox 1438 474 1452 498; x_wconf 84' lang='lat'>·</span> 
     </span>
    </p>
   </div>
   <div class='ocr_carea' id='block_1_4' title="bbox 82 534 1346 707">
    <p class='ocr_par' dir='ltr' id='par_1_4' title="bbox 82 534 1346 707">
     <span class='ocr_line' id='line_1_6' title="bbox 245 534 805 620; baseline -0.002 -21"><span class='ocrx_word' id='word_1_25' title='bbox 245 534 370 599; x_wconf 81' lang='lat' dir='ltr'><strong>assibus</strong></span> <span class='ocrx_word' id='word_1_26' title='bbox 383 536 557 599; x_wconf 68' lang='lat' dir='ltr'><strong>uncialibus</strong></span> <span class='ocrx_word' id='word_1_27' title='bbox 572 535 662 620; x_wconf 83' lang='lat' dir='ltr'><strong>pretii</strong></span> <span class='ocrx_word' id='word_1_28' title='bbox 678 535 805 599; x_wconf 80' lang='lat' dir='ltr'><strong>fuerint.</strong></span> 
     </span>
     <span class='ocr_line' id='line_1_7' title="bbox 82 615 1346 707; baseline -0.008 -21"><span class='ocrx_word' id='word_1_29' title='bbox 82 636 126 686; x_wconf 68' lang='lat' dir='ltr'><strong>ns</strong></span> <span class='ocrx_word' id='word_1_30' title='bbox 136 651 209 699; x_wconf 71' lang='lat' dir='ltr'><strong>grave</strong></span> <span class='ocrx_word' id='word_1_31' title='bbox 257 666 259 669; x_wconf 29' lang='grc' dir='ltr'>ψ</span> <span class='ocrx_word' id='word_1_32' title='bbox 291 618 432 685; x_wconf 85' lang='lat' dir='ltr'><strong>Primam</strong></span> <span class='ocrx_word' id='word_1_33' title='bbox 453 621 635 705; x_wconf 84' lang='lat' dir='ltr'><strong>opinionem</strong></span> <span class='ocrx_word' id='word_1_34' title='bbox 643 622 711 707; x_wconf 83' lang='lat' dir='ltr'><strong>jam</strong></span> <span class='ocrx_word' id='word_1_35' title='bbox 726 621 920 685; x_wconf 71' lang='lat' dir='ltr'><strong>ostendimus</strong></span> <span class='ocrx_word' id='word_1_36' title='bbox 937 617 1037 684; x_wconf 70' lang='lat' dir='ltr'><strong>everti</strong></span> <span class='ocrx_word' id='word_1_37' title='bbox 1051 616 1176 681; x_wconf 87' lang='lat' dir='ltr'><strong>disertis</strong></span> <span class='ocrx_word' id='word_1_38' title='bbox 1190 615 1346 702; x_wconf 75' lang='lat' dir='ltr'><strong>antiquo-</strong></span> 
     </span>
    </p>
   </div>
   <div class='ocr_carea' id='block_1_5' title="bbox 83 701 1406 792">
    <p class='ocr_par' dir='ltr' id='par_1_5' title="bbox 83 701 1406 792">
     <span class='ocr_line' id='line_1_8' title="bbox 83 701 1406 792; baseline -0.003 -24"><span class='ocrx_word' id='word_1_39' title='bbox 83 703 223 762; x_wconf 66' lang='lat' dir='ltr'><strong>¹¹⁰¹¹l¹⁰l¹¹¹⁸</strong></span> <span class='ocrx_word' id='word_1_40' title='bbox 247 705 318 769; x_wconf 70' lang='lat' dir='ltr'><strong>lum</strong></span> <span class='ocrx_word' id='word_1_41' title='bbox 340 707 526 792; x_wconf 84' lang='lat' dir='ltr'><strong>scriptorum</strong></span> <span class='ocrx_word' id='word_1_42' title='bbox 543 707 741 785; x_wconf 67' lang='lat' dir='ltr'><strong>testimoniis,</strong></span> <span class='ocrx_word' id='word_1_43' title='bbox 756 706 871 792; x_wconf 85' lang='lat' dir='ltr'><strong>quibus</strong></span> <span class='ocrx_word' id='word_1_44' title='bbox 888 726 986 792; x_wconf 79' lang='lat' dir='ltr'><strong>grave</strong></span> <span class='ocrx_word' id='word_1_45' title='bbox 1000 726 1044 767; x_wconf 77' lang='lat' dir='ltr'><strong>ass</strong></span> <span class='ocrx_word' id='word_1_46' title='bbox 1058 727 1077 765; x_wconf 86' lang='lat' dir='ltr'><strong>s</strong></span> <span class='ocrx_word' id='word_1_47' title='bbox 1097 701 1214 766; x_wconf 84' lang='lat' dir='ltr'><strong>leviore</strong></span> <span class='ocrx_word' id='word_1_48' title='bbox 1228 701 1345 765; x_wconf 87' lang='lat' dir='ltr'><strong>distin·</strong></span> <span class='ocrx_word' id='word_1_49' title='bbox 1398 707 1406 723; x_wconf 85' lang='lat'>&#39;</span> 
     </span>
    </p>
   </div>
   <div class='ocr_carea' id='block_1_6' title="bbox 82 765 1344 965">
    <p class='ocr_par' dir='ltr' id='par_1_6' title="bbox 82 765 1344 965">
     <span class='ocr_line' id='line_1_9' title="bbox 82 765 1344 891; baseline -0.007 -32"><span class='ocrx_word' id='word_1_50' title='bbox 82 765 222 889; x_wconf 46' lang='lat' dir='ltr'><strong>mm</strong></span> <span class='ocrx_word' id='word_1_51' title='bbox 246 793 368 885; x_wconf 82' lang='lat' dir='ltr'><strong>guitur:</strong></span> <span class='ocrx_word' id='word_1_52' title='bbox 391 805 485 877; x_wconf 86' lang='lat' dir='ltr'><strong>atque</strong></span> <span class='ocrx_word' id='word_1_53' title='bbox 495 791 575 856; x_wconf 76' lang='lat' dir='ltr'><strong>adeo</strong></span> <span class='ocrx_word' id='word_1_54' title='bbox 589 794 620 855; x_wconf 85' lang='lat' dir='ltr'><strong>in</strong></span> <span class='ocrx_word' id='word_1_55' title='bbox 637 815 670 855; x_wconf 91' lang='lat' dir='ltr'><strong>se</strong></span> <span class='ocrx_word' id='word_1_56' title='bbox 684 791 854 891; x_wconf 79' lang='lat' dir='ltr'><strong>absurdam</strong></span> <span class='ocrx_word' id='word_1_57' title='bbox 865 810 1054 876; x_wconf 81' lang='lat' dir='ltr'><strong>esse,·quu1n</strong></span> <span class='ocrx_word' id='word_1_58' title='bbox 1069 788 1138 890; x_wconf 72' lang='lat' dir='ltr'><strong>ipsu</strong></span> <span class='ocrx_word' id='word_1_59' title='bbox 1147 788 1344 887; x_wconf 36' lang='lat' dir='ltr'><strong>gustis-eris</strong></span> 
     </span>
     <span class='ocr_line' id='line_1_10' title="bbox 82 874 1343 965; baseline -0.002 -26"><span class='ocrx_word' id='word_1_60' title='bbox 82 892 222 938; x_wconf 73' lang='lat' dir='ltr'><strong>sssibmls-</strong></span> <span class='ocrx_word' id='word_1_61' title='bbox 245 876 414 959; x_wconf 73' lang='lat' dir='ltr'><strong>appellatio</strong></span> <span class='ocrx_word' id='word_1_62' title='bbox 435 890 548 965; x_wconf 80' lang='lat' dir='ltr'><strong>arguat</strong></span> <span class='ocrx_word' id='word_1_63' title='bbox 568 877 738 942; x_wconf 83' lang='lat' dir='ltr'><strong>discrimen</strong></span> <span class='ocrx_word' id='word_1_64' title='bbox 760 877 887 962; x_wconf 77' lang='lat' dir='ltr'><strong>aliquod</strong></span> <span class='ocrx_word' id='word_1_65' title='bbox 910 875 952 940; x_wconf 83' lang='lat' dir='ltr'><strong>ab</strong></span> <span class='ocrx_word' id='word_1_66' title='bbox 972 897 1038 938; x_wconf 85' lang='lat' dir='ltr'><strong>oere</strong></span> <span class='ocrx_word' id='word_1_67' title='bbox 1058 874 1139 949; x_wconf 66' lang='lat' dir='ltr'><strong>levis</strong></span> <span class='ocrx_word' id='word_1_68' title='bbox 1167 875 1343 937; x_wconf 71' lang='lat' dir='ltr'><strong>dsscrrmn</strong></span> 
     </span>
    </p>
   </div>
   <div class='ocr_carea' id='block_1_7' title="bbox 82 956 1420 1048">
    <p class='ocr_par' dir='ltr' id='par_1_7' title="bbox 82 956 1420 1048">
     <span class='ocr_line' id='line_1_11' title="bbox 82 956 1420 1048; baseline 0.021 -30"><span class='ocrx_word' id='word_1_69' title='bbox 82 956 197 1002; x_wconf 56' lang='lat' dir='ltr'><strong>mu*</strong></span> <span class='ocrx_word' id='word_1_70' title='bbox 245 963 349 1024; x_wconf 80' lang='lat' dir='ltr'><strong>autern</strong></span> <span class='ocrx_word' id='word_1_71' title='bbox 371 962 459 1038; x_wconf 89' lang='lat' dir='ltr'><strong>illud,</strong></span> <span class='ocrx_word' id='word_1_72' title='bbox 483 963 543 1026; x_wconf 89' lang='lat' dir='ltr'><strong>nisi</strong></span> <span class='ocrx_word' id='word_1_73' title='bbox 559 964 591 1026; x_wconf 91' lang='lat' dir='ltr'><strong>ln</strong></span> <span class='ocrx_word' id='word_1_74' title='bbox 606 965 709 1048; x_wconf 90' lang='lat' dir='ltr'><strong>pretio</strong></span> <span class='ocrx_word' id='word_1_75' title='bbox 731 963 867 1047; x_wconf 87' lang='lat' dir='ltr'><strong>positum</strong></span> <span class='ocrx_word' id='word_1_76' title='bbox 883 963 932 1040; x_wconf 70' lang='lat' dir='ltr'><strong>sil,</strong></span> <span class='ocrx_word' id='word_1_77' title='bbox 948 960 1082 1025; x_wconf 68' lang='lat' dir='ltr'><strong>omnllw</strong></span> <span class='ocrx_word' id='word_1_78' title='bbox 1102 957 1341 1027; x_wconf 52' lang='lat' dir='ltr'><strong>lffleafm&#39;·</strong></span> <span class='ocrx_word' id='word_1_79' title='bbox 1413 1026 1420 1045; x_wconf 86' lang='lat'><strong>.</strong></span> 
     </span>
    </p>
   </div>
   <div class='ocr_carea' id='block_1_8' title="bbox 72 1046 1343 4382">
    <p class='ocr_par' dir='ltr' id='par_1_8' title="bbox 72 1046 1343 4382">
     <span class='ocr_line' id='line_1_12' title="bbox 245 1046 1114 1133; baseline 0 -23"><span class='ocrx_word' id='word_1_80' title='bbox 245 1046 294 1110; x_wconf 74' lang='lat' dir='ltr'><strong>tra</strong></span> <span class='ocrx_word' id='word_1_81' title='bbox 309 1049 506 1111; x_wconf 75' lang='lat' dir='ltr'><strong>observatum</strong></span> <span class='ocrx_word' id='word_1_82' title='bbox 522 1070 589 1112; x_wconf 87' lang='lat' dir='ltr'><strong>esse</strong></span> <span class='ocrx_word' id='word_1_83' title='bbox 604 1048 757 1112; x_wconf 79' lang='lat' dir='ltr'><strong>videntur.</strong></span> <span class='ocrx_word' id='word_1_84' title='bbox 1112 1130 1114 1133; x_wconf 12' lang='lat' dir='ltr'>v</span> 
     </span>
     <span class='ocr_line' id='line_1_13' title="bbox 83 1132 1341 1218; baseline -0.005 -19"><span class='ocrx_word' id='word_1_85' title='bbox 83 1148 257 1199; x_wconf 67' lang='lat' dir='ltr'><strong>Norasne·</strong></span> <span class='ocrx_word' id='word_1_86' title='bbox 291 1132 436 1197; x_wconf 87' lang='lat' dir='ltr'><strong>Secunda</strong></span> <span class='ocrx_word' id='word_1_87' title='bbox 456 1155 582 1218; x_wconf 90' lang='lat' dir='ltr'><strong>quoque</strong></span> <span class='ocrx_word' id='word_1_88' title='bbox 596 1134 750 1196; x_wconf 83' lang='lat' dir='ltr'><strong>sententis</strong></span> <span class='ocrx_word' id='word_1_89' title='bbox 773 1154 901 1218; x_wconf 87' lang='lat' dir='ltr'><strong>prorsus</strong></span> <span class='ocrx_word' id='word_1_90' title='bbox 923 1145 1005 1196; x_wconf 86' lang='lat' dir='ltr'><strong>stare</strong></span> <span class='ocrx_word' id='word_1_91' title='bbox 1024 1150 1089 1194; x_wconf 82' lang='lat' dir='ltr'><strong>non</strong></span> <span class='ocrx_word' id='word_1_92' title='bbox 1104 1143 1219 1215; x_wconf 85' lang='lat' dir='ltr'><strong>potest,</strong></span> <span class='ocrx_word' id='word_1_93' title='bbox 1241 1150 1341 1215; x_wconf 89' lang='lat' dir='ltr'><strong>prop-</strong></span> 
     </span>
     <span class='ocr_line' id='line_1_14' title="bbox 83 1214 1343 1303; baseline 0.003 -27"><span class='ocrx_word' id='word_1_94' title='bbox 83 1216 118 1263; x_wconf 67' lang='grc' dir='ltr'><strong>ΠΗ</strong></span> <span class='ocrx_word' id='word_1_95' title='bbox 132 1216 236 1276; x_wconf 65' lang='lat' dir='ltr'><strong>pesum</strong></span> <span class='ocrx_word' id='word_1_96' title='bbox 246 1226 329 1281; x_wconf 84' lang='lat' dir='ltr'><strong>teres</strong></span> <span class='ocrx_word' id='word_1_97' title='bbox 342 1218 426 1303; x_wconf 90' lang='lat' dir='ltr'><strong>quod</strong></span> <span class='ocrx_word' id='word_1_98' title='bbox 442 1240 480 1281; x_wconf 86' lang='lat' dir='ltr'><strong>ex</strong></span> <span class='ocrx_word' id='word_1_99' title='bbox 495 1217 549 1281; x_wconf 83' lang='lat' dir='ltr'><strong>ills</strong></span> <span class='ocrx_word' id='word_1_100' title='bbox 564 1219 773 1283; x_wconf 72' lang='lat' dir='ltr'><strong>aestimatione</strong></span> <span class='ocrx_word' id='word_1_101' title='bbox 784 1218 968 1303; x_wconf 70' lang='lat' dir='ltr'><strong>grandiores</strong></span> <span class='ocrx_word' id='word_1_102' title='bbox 974 1217 1062 1301; x_wconf 87' lang='lat' dir='ltr'><strong>justo</strong></span> <span class='ocrx_word' id='word_1_103' title='bbox 1077 1237 1211 1280; x_wconf 81' lang='lat' dir='ltr'><strong>summae</strong></span> <span class='ocrx_word' id='word_1_104' title='bbox 1224 1214 1343 1280; x_wconf 75' lang='lat' dir='ltr'><strong>future</strong></span> 
     </span>
     <span class='ocr_line' id='line_1_15' title="bbox 83 1279 1339 1391; baseline 0.002 -28"><span class='ocrx_word' id='word_1_105' title='bbox 83 1279 229 1391; x_wconf 54' lang='lat' dir='ltr'><strong>ffim</strong></span> <span class='ocrx_word' id='word_1_106' title='bbox 244 1301 318 1373; x_wconf 84' lang='lat' dir='ltr'><strong>sint,</strong></span> <span class='ocrx_word' id='word_1_107' title='bbox 330 1318 361 1365; x_wconf 87' lang='lat' dir='ltr'><strong>et</strong></span> <span class='ocrx_word' id='word_1_108' title='bbox 373 1325 499 1366; x_wconf 84' lang='lat' dir='ltr'><strong>omnem</strong></span> <span class='ocrx_word' id='word_1_109' title='bbox 511 1303 791 1367; x_wconf 82' lang='lat' dir='ltr'><strong>verisimilitudinis</strong></span> <span class='ocrx_word' id='word_1_110' title='bbox 802 1304 942 1379; x_wconf 85' lang='lat' dir='ltr'><strong>modum,</strong></span> <span class='ocrx_word' id='word_1_111' title='bbox 955 1303 1021 1365; x_wconf 92' lang='lat' dir='ltr'><strong>imo</strong></span> <span class='ocrx_word' id='word_1_112' title='bbox 1032 1315 1064 1366; x_wconf 86' lang='lat' dir='ltr'><strong>et</strong></span> <span class='ocrx_word' id='word_1_113' title='bbox 1078 1302 1219 1364; x_wconf 77' lang='lat' dir='ltr'><strong>nismriae</strong></span> <span class='ocrx_word' id='word_1_114' title='bbox 1231 1301 1339 1378; x_wconf 82' lang='lat' dir='ltr'><strong>fidem,</strong></span> 
     </span>
     <span class='ocr_line' id='line_1_16' title="bbox 244 1386 1341 1474; baseline 0.001 -24"><span class='ocrx_word' id='word_1_115' title='bbox 244 1408 426 1453; x_wconf 77' lang='lat' dir='ltr'><strong>excessurae.</strong></span> <span class='ocrx_word' id='word_1_116' title='bbox 475 1389 586 1454; x_wconf 89' lang='lat' dir='ltr'><strong>Unum</strong></span> <span class='ocrx_word' id='word_1_117' title='bbox 601 1410 761 1474; x_wconf 83' lang='lat' dir='ltr'><strong>apponere</strong></span> <span class='ocrx_word' id='word_1_118' title='bbox 773 1390 951 1469; x_wconf 72' lang='lat' dir='ltr'><strong>exemplum</strong></span> <span class='ocrx_word' id='word_1_119' title='bbox 967 1402 1014 1452; x_wconf 85' lang='lat' dir='ltr'><strong>sat</strong></span> <span class='ocrx_word' id='word_1_120' title='bbox 1030 1386 1341 1473; x_wconf 80' lang='lat' dir='ltr'><strong>erit‚sedejus1uodi</strong></span> 
     </span>
     <span class='ocr_line' id='line_1_17' title="bbox 243 1472 1341 1558; baseline 0.002 -23"><span class='ocrx_word' id='word_1_121' title='bbox 243 1472 329 1558; x_wconf 90' lang='lat' dir='ltr'><strong>quod</strong></span> <span class='ocrx_word' id='word_1_122' title='bbox 353 1495 420 1538; x_wconf 88' lang='lat' dir='ltr'><strong>rem</strong></span> <span class='ocrx_word' id='word_1_123' title='bbox 440 1475 594 1539; x_wconf 77' lang='lat' dir='ltr'><strong>conficiat.</strong></span> <span class='ocrx_word' id='word_1_124' title='bbox 642 1475 752 1539; x_wconf 84' lang='lat' dir='ltr'><strong>Livius</strong></span> <span class='ocrx_word' id='word_1_125' title='bbox 776 1475 797 1538; x_wconf 90' lang='lat' dir='ltr'><strong>l.</strong></span> <span class='ocrx_word' id='word_1_126' title='bbox 815 1474 944 1539; x_wconf 84' lang='lat' dir='ltr'>XXIV.</span> <span class='ocrx_word' id='word_1_127' title='bbox 964 1496 994 1538; x_wconf 86' lang='lat' dir='ltr'><strong>c.</strong></span> <span class='ocrx_word' id='word_1_128' title='bbox 1014 1482 1063 1537; x_wconf 89' lang='lat' dir='ltr'><strong>ll.</strong></span> <span class='ocrx_word' id='word_1_129' title='bbox 1081 1494 1179 1556; x_wconf 90' lang='lat' dir='ltr'><strong>quum</strong></span> <span class='ocrx_word' id='word_1_130' title='bbox 1190 1474 1259 1557; x_wconf 87' lang='lat' dir='ltr'><strong>jam</strong></span> <span class='ocrx_word' id='word_1_131' title='bbox 1281 1494 1341 1537; x_wconf 85' lang='lat' dir='ltr'><strong>uu·</strong></span> 
     </span>
     <span class='ocr_line' id='line_1_18' title="bbox 243 1557 1340 1646; baseline 0 -24"><span class='ocrx_word' id='word_1_132' title='bbox 243 1557 336 1622; x_wconf 85' lang='lat' dir='ltr'><strong>cisles</strong></span> <span class='ocrx_word' id='word_1_133' title='bbox 359 1582 441 1624; x_wconf 81' lang='lat' dir='ltr'><strong>asses</strong></span> <span class='ocrx_word' id='word_1_134' title='bbox 457 1561 569 1634; x_wconf 76' lang='lat' dir='ltr'><strong>forent,</strong></span> <span class='ocrx_word' id='word_1_135' title='bbox 586 1560 758 1624; x_wconf 80' lang='lat' dir='ltr'><strong>edisserens</strong></span> <span class='ocrx_word' id='word_1_136' title='bbox 778 1572 856 1646; x_wconf 92' lang='lat' dir='ltr'><strong>quot</strong></span> <span class='ocrx_word' id='word_1_137' title='bbox 877 1560 1011 1646; x_wconf 86' lang='lat' dir='ltr'><strong>qulsque</strong></span> <span class='ocrx_word' id='word_1_138' title='bbox 1027 1579 1179 1622; x_wconf 80' lang='lat' dir='ltr'><strong>excessu</strong></span> <span class='ocrx_word' id='word_1_139' title='bbox 1196 1557 1277 1622; x_wconf 83' lang='lat' dir='ltr'><strong>dare</strong></span> <span class='ocrx_word' id='word_1_140' title='bbox 1289 1580 1340 1622; x_wconf 83' lang='lat' dir='ltr'><strong>re·</strong></span> 
     </span>
     <span class='ocr_line' id='line_1_19' title="bbox 117 1643 1340 1732; baseline 0 -26"><span class='ocrx_word' id='word_1_141' title='bbox 117 1646 120 1651; x_wconf 84' lang='lat'>&#39;</span> <span class='ocrx_word' id='word_1_142' title='bbox 156 1706 161 1713; x_wconf 88' lang='grc'>,</span> <span class='ocrx_word' id='word_1_143' title='bbox 243 1643 344 1732; x_wconf 80' lang='lat' dir='ltr'><strong>miges</strong></span> <span class='ocrx_word' id='word_1_144' title='bbox 364 1644 503 1723; x_wconf 83' lang='lat' dir='ltr'><strong>deberet,</strong></span> <span class='ocrx_word' id='word_1_145' title='bbox 520 1647 564 1708; x_wconf 93' lang='lat' dir='ltr'><strong>sic</strong></span> <span class='ocrx_word' id='word_1_146' title='bbox 583 1646 668 1709; x_wconf 88' lang='lat' dir='ltr'><strong>illam</strong></span> <span class='ocrx_word' id='word_1_147' title='bbox 684 1646 952 1710; x_wconf 82' lang='lat' dir='ltr'><strong>enumerationem</strong></span> <span class='ocrx_word' id='word_1_148' title='bbox 967 1643 1148 1707; x_wconf 80' lang='lat' dir='ltr'><strong>concludit:</strong></span> <span class='ocrx_word' id='word_1_149' title='bbox 1170 1647 1225 1727; x_wconf 81' lang='lat' dir='ltr'><strong>qui</strong></span> <span class='ocrx_word' id='word_1_150' title='bbox 1243 1664 1340 1727; x_wconf 68' lang='lat' dir='ltr'><strong>snpra</strong></span> 
     </span>
     <span class='ocr_line' id='line_1_20' title="bbox 243 1730 1340 1816; baseline 0.002 -22"><span class='ocrx_word' id='word_1_151' title='bbox 243 1731 342 1795; x_wconf 74' lang='lat' dir='ltr'><strong>decies</strong></span> <span class='ocrx_word' id='word_1_152' title='bbox 351 1730 433 1810; x_wconf 74' lang='lat' dir='ltr'><strong>oeris,</strong></span> <span class='ocrx_word' id='word_1_153' title='bbox 450 1743 577 1816; x_wconf 66' lang='lat' dir='ltr'><strong>septem·</strong></span> <span class='ocrx_word' id='word_1_154' title='bbox 600 1742 761 1809; x_wconf 78' lang='lat' dir='ltr'><strong>senatores,</strong></span> <span class='ocrx_word' id='word_1_155' title='bbox 778 1742 844 1794; x_wconf 85' lang='lat' dir='ltr'><strong>octo</strong></span> <span class='ocrx_word' id='word_1_156' title='bbox 854 1741 965 1794; x_wconf 81' lang='lat' dir='ltr'><strong>nautas</strong></span> <span class='ocrx_word' id='word_1_157' title='bbox 979 1732 1206 1812; x_wconf 75' lang='lat' dir='ltr'><strong>namstspendio</strong></span> <span class='ocrx_word' id='word_1_158' title='bbox 1216 1732 1340 1796; x_wconf 76' lang='lat' dir='ltr'><strong>darent.</strong></span> 
     </span>
     <span class='ocr_line' id='line_1_21' title="bbox 117 1813 1338 1898; baseline 0.003 -22"><span class='ocrx_word' id='word_1_159' title='bbox 117 1838 120 1841; x_wconf 91' lang='lat'>·</span> <span class='ocrx_word' id='word_1_160' title='bbox 244 1813 334 1898; x_wconf 85' lang='lat' dir='ltr'><strong>Ergo</strong></span> <span class='ocrx_word' id='word_1_161' title='bbox 356 1819 531 1881; x_wconf 82' lang='lat' dir='ltr'><strong>senatorius</strong></span> <span class='ocrx_word' id='word_1_162' title='bbox 552 1838 664 1880; x_wconf 84' lang='lat' dir='ltr'><strong>census</strong></span> <span class='ocrx_word' id='word_1_163' title='bbox 682 1829 758 1880; x_wconf 88' lang='lat' dir='ltr'><strong>tunc</strong></span> <span class='ocrx_word' id='word_1_164' title='bbox 777 1814 991 1880; x_wconf 67' lang='lat' dir='ltr'><strong>estimabatur</strong></span> <span class='ocrx_word' id='word_1_165' title='bbox 1012 1834 1108 1897; x_wconf 85' lang='lat' dir='ltr'><strong>supra</strong></span> <span class='ocrx_word' id='word_1_166' title='bbox 1129 1814 1233 1879; x_wconf 85' lang='lat' dir='ltr'><strong>decies</strong></span> <span class='ocrx_word' id='word_1_167' title='bbox 1253 1814 1338 1880; x_wconf 76' lang='lat' dir='ltr'><strong>seris</strong></span> 
     </span>
     <span class='ocr_line' id='line_1_22' title="bbox 245 1897 1338 1986; baseline 0.005 -24"><span class='ocrx_word' id='word_1_168' title='bbox 245 1897 348 1962; x_wconf 90' lang='lat' dir='ltr'><strong>Porro</strong></span> <span class='ocrx_word' id='word_1_169' title='bbox 369 1901 516 1966; x_wconf 87' lang='lat' dir='ltr'><strong>hocloco</strong></span> <span class='ocrx_word' id='word_1_170' title='bbox 529 1924 573 1964; x_wconf 80' lang='lat' dir='ltr'><strong>oes</strong></span> <span class='ocrx_word' id='word_1_171' title='bbox 586 1923 683 1986; x_wconf 77' lang='lat' dir='ltr'><strong>greve</strong></span> <span class='ocrx_word' id='word_1_172' title='bbox 703 1901 942 1986; x_wconf 77' lang='lat' dir='ltr'><strong>intelligendum</strong></span> <span class='ocrx_word' id='word_1_173' title='bbox 964 1912 1020 1975; x_wconf 79' lang='lat' dir='ltr'><strong>est,</strong></span> <span class='ocrx_word' id='word_1_174' title='bbox 1036 1922 1076 1964; x_wconf 85' lang='lat' dir='ltr'><strong>ex</strong></span> <span class='ocrx_word' id='word_1_175' title='bbox 1096 1900 1132 1963; x_wconf 87' lang='lat' dir='ltr'><strong>iis</strong></span> <span class='ocrx_word' id='word_1_176' title='bbox 1146 1922 1220 1986; x_wconf 87' lang='lat' dir='ltr'><strong>quae</strong></span> <span class='ocrx_word' id='word_1_177' title='bbox 1240 1921 1338 1984; x_wconf 69' lang='lat' dir='ltr'><strong>supra</strong></span> 
     </span>
     <span class='ocr_line' id='line_1_23' title="bbox 242 1981 1337 2071; baseline 0.006 -27"><span class='ocrx_word' id='word_1_178' title='bbox 242 1981 327 2046; x_wconf 90' lang='lat' dir='ltr'><strong>dicta</strong></span> <span class='ocrx_word' id='word_1_179' title='bbox 350 1999 431 2061; x_wconf 88' lang='lat' dir='ltr'><strong>sunt,</strong></span> <span class='ocrx_word' id='word_1_180' title='bbox 448 1987 523 2069; x_wconf 87' lang='lat' dir='ltr'><strong>quie</strong></span> <span class='ocrx_word' id='word_1_181' title='bbox 542 1986 583 2048; x_wconf 91' lang='lat' dir='ltr'><strong>de</strong></span> <span class='ocrx_word' id='word_1_182' title='bbox 601 2007 715 2049; x_wconf 88' lang='lat' dir='ltr'><strong>census</strong></span> <span class='ocrx_word' id='word_1_183' title='bbox 736 1986 946 2050; x_wconf 69' lang='lat' dir='ltr'><strong>estimatione</strong></span> <span class='ocrx_word' id='word_1_184' title='bbox 966 1986 1088 2071; x_wconf 79' lang='lat' dir='ltr'><strong>agitur:</strong></span> <span class='ocrx_word' id='word_1_185' title='bbox 1111 1988 1209 2049; x_wconf 62' lang='lat' dir='ltr'><strong>decks</strong></span> <span class='ocrx_word' id='word_1_186' title='bbox 1229 2000 1337 2051; x_wconf 80' lang='lat' dir='ltr'><strong>autem</strong></span> 
     </span>
     <span class='ocr_line' id='line_1_24' title="bbox 241 2064 1337 2153; baseline 0.005 -24"><span class='ocrx_word' id='word_1_187' title='bbox 241 2064 295 2129; x_wconf 83' lang='lat' dir='ltr'><strong>hic</strong></span> <span class='ocrx_word' id='word_1_188' title='bbox 313 2066 401 2131; x_wconf 87' lang='lat' dir='ltr'><strong>&#39;idem</strong></span> <span class='ocrx_word' id='word_1_189' title='bbox 431 2082 478 2133; x_wconf 85' lang='lat' dir='ltr'><strong>est</strong></span> <span class='ocrx_word' id='word_1_190' title='bbox 501 2092 538 2133; x_wconf 87' lang='lat' dir='ltr'><strong>ac</strong></span> <span class='ocrx_word' id='word_1_191' title='bbox 565 2072 661 2134; x_wconf 82' lang='lat' dir='ltr'><strong>decies</strong></span> <span class='ocrx_word' id='word_1_192' title='bbox 684 2081 809 2134; x_wconf 82' lang='lat' dir='ltr'><strong>centena</strong></span> <span class='ocrx_word' id='word_1_193' title='bbox 837 2075 948 2148; x_wconf 81' lang='lat' dir='ltr'><strong>millia,</strong></span> <span class='ocrx_word' id='word_1_194' title='bbox 970 2086 1006 2134; x_wconf 93' lang='lat' dir='ltr'><strong>ut</strong></span> <span class='ocrx_word' id='word_1_195' title='bbox 1025 2092 1065 2134; x_wconf 82' lang='lat' dir='ltr'><strong>ex</strong></span> <span class='ocrx_word' id='word_1_196' title='bbox 1093 2072 1168 2153; x_wconf 88' lang='lat' dir='ltr'><strong>ipsis</strong></span> <span class='ocrx_word' id='word_1_197' title='bbox 1196 2072 1337 2135; x_wconf 89' lang='lat' dir='ltr'><strong>numeris</strong></span> 
     </span>
     <span class='ocr_line' id='line_1_25' title="bbox 241 2152 1335 2240; baseline 0.005 -25"><span class='ocrx_word' id='word_1_198' title='bbox 241 2152 498 2219; x_wconf 83' lang='lat' dir='ltr'><strong>antecedentibus</strong></span> <span class='ocrx_word' id='word_1_199' title='bbox 519 2166 651 2219; x_wconf 87' lang='lat' dir='ltr'><strong>constat.</strong></span> <span class='ocrx_word' id='word_1_200' title='bbox 697 2159 742 2220; x_wconf 83' lang='lat' dir='ltr'><strong>At</strong></span> <span class='ocrx_word' id='word_1_201' title='bbox 757 2158 783 2220; x_wconf 89' lang='lat' dir='ltr'><strong>sl</strong></span> <span class='ocrx_word' id='word_1_202' title='bbox 799 2156 850 2220; x_wconf 87' lang='lat' dir='ltr'><strong>hic</strong></span> <span class='ocrx_word' id='word_1_203' title='bbox 865 2178 928 2221; x_wconf 90' lang='lat' dir='ltr'><strong>una</strong></span> <span class='ocrx_word' id='word_1_204' title='bbox 943 2156 1023 2220; x_wconf 82' lang='lat' dir='ltr'><strong>libra</strong></span> <span class='ocrx_word' id='word_1_205' title='bbox 1041 2158 1114 2220; x_wconf 80' lang='lat' dir='ltr'><strong>seris</strong></span> <span class='ocrx_word' id='word_1_206' title='bbox 1134 2157 1238 2240; x_wconf 79' lang='lat' dir='ltr'><strong>gravis</strong></span> <span class='ocrx_word' id='word_1_207' title='bbox 1250 2158 1335 2221; x_wconf 75' lang='lat' dir='ltr'><strong>esti-</strong></span> 
     </span>
     <span class='ocr_line' id='line_1_26' title="bbox 241 2240 1335 2317; baseline 0.005 -16"><span class='ocrx_word' id='word_1_208' title='bbox 241 2251 346 2302; x_wconf 89' lang='lat' dir='ltr'><strong>metur</strong></span> <span class='ocrx_word' id='word_1_209' title='bbox 369 2240 536 2307; x_wconf 81' lang='lat' dir='ltr'><strong>duodecim</strong></span> <span class='ocrx_word' id='word_1_210' title='bbox 562 2241 683 2306; x_wconf 88' lang='lat' dir='ltr'><strong>assibus</strong></span> <span class='ocrx_word' id='word_1_211' title='bbox 708 2242 894 2317; x_wconf 82' lang='lat' dir='ltr'><strong>uncialibus,</strong></span> <span class='ocrx_word' id='word_1_212' title='bbox 921 2246 1018 2307; x_wconf 80' lang='lat' dir='ltr'><strong>decies</strong></span> <span class='ocrx_word' id='word_1_213' title='bbox 1041 2245 1114 2306; x_wconf 69' lang='lat' dir='ltr'><strong>aeris</strong></span> <span class='ocrx_word' id='word_1_214' title='bbox 1136 2254 1230 2305; x_wconf 89' lang='lat' dir='ltr'><strong>erunt</strong></span> <span class='ocrx_word' id='word_1_215' title='bbox 1251 2265 1335 2307; x_wconf 83' lang='lat' dir='ltr'><strong>esses</strong></span> 
     </span>
     <span class='ocr_line' id='line_1_27' title="bbox 111 2324 1334 2415; baseline 0.004 -26"><span class='ocrx_word' id='word_1_216' title='bbox 111 2407 116 2413; x_wconf 14' lang='grc' dir='ltr'><strong>ἡ</strong></span> <span class='ocrx_word' id='word_1_217' title='bbox 240 2324 378 2390; x_wconf 83' lang='lat' dir='ltr'><strong>unciales</strong></span> <span class='ocrx_word' id='word_1_218' title='bbox 403 2334 580 2394; x_wconf 74' lang='grc'><strong>12000000.</strong></span> <span class='ocrx_word' id='word_1_219' title='bbox 602 2330 734 2393; x_wconf 84' lang='lat' dir='ltr'><strong>sestertii</strong></span> <span class='ocrx_word' id='word_1_220' title='bbox 752 2336 914 2395; x_wconf 82' lang='grc'><strong>3000000.</strong></span> <span class='ocrx_word' id='word_1_221' title='bbox 936 2327 1023 2415; x_wconf 82' lang='lat' dir='ltr'><strong>quod</strong></span> <span class='ocrx_word' id='word_1_222' title='bbox 1038 2327 1199 2392; x_wconf 84' lang='lat' dir='ltr'><strong>evidenter</strong></span> <span class='ocrx_word' id='word_1_223' title='bbox 1219 2327 1334 2394; x_wconf 82' lang='lat' dir='ltr'><strong>falsum</strong></span> 
     </span>
     <span class='ocr_line' id='line_1_28' title="bbox 132 2411 1335 2490; baseline 0.001 -12"><span class='ocrx_word' id='word_1_224' title='bbox 132 2470 136 2478; x_wconf 93' lang='lat'>.</span> <span class='ocrx_word' id='word_1_225' title='bbox 239 2423 272 2475; x_wconf 86' lang='lat' dir='ltr'><strong>et</strong></span> <span class='ocrx_word' id='word_1_226' title='bbox 285 2411 457 2476; x_wconf 88' lang='lat' dir='ltr'><strong>absurdum</strong></span> <span class='ocrx_word' id='word_1_227' title='bbox 472 2427 528 2490; x_wconf 80' lang='lat' dir='ltr'><strong>est,</strong></span> <span class='ocrx_word' id='word_1_228' title='bbox 546 2435 609 2476; x_wconf 91' lang='lat' dir='ltr'><strong>non</strong></span> <span class='ocrx_word' id='word_1_229' title='bbox 626 2414 721 2477; x_wconf 88' lang='lat' dir='ltr'><strong>modo</strong></span> <span class='ocrx_word' id='word_1_230' title='bbox 737 2414 780 2478; x_wconf 92' lang='lat' dir='ltr'><strong>ob</strong></span> <span class='ocrx_word' id='word_1_231' title='bbox 794 2428 903 2478; x_wconf 86' lang='lat' dir='ltr'><strong>tenues</strong></span> <span class='ocrx_word' id='word_1_232' title='bbox 917 2430 984 2478; x_wconf 89' lang='lat' dir='ltr'><strong>tum</strong></span> <span class='ocrx_word' id='word_1_233' title='bbox 1001 2436 1050 2476; x_wconf 91' lang='lat' dir='ltr'><strong>res</strong></span> <span class='ocrx_word' id='word_1_234' title='bbox 1068 2415 1286 2478; x_wconf 82' lang='lat' dir='ltr'><strong>Romanorum</strong></span> <span class='ocrx_word' id='word_1_235' title='bbox 1302 2426 1335 2479; x_wconf 82' lang='lat' dir='ltr'><strong>et</strong></span> 
     </span>
     <span class='ocr_line' id='line_1_29' title="bbox 238 2495 1335 2587; baseline 0.005 -29"><span class='ocrx_word' id='word_1_236' title='bbox 238 2495 390 2582; x_wconf 90' lang='lat' dir='ltr'><strong>inopiam,</strong></span> <span class='ocrx_word' id='word_1_237' title='bbox 407 2499 462 2563; x_wconf 87' lang='lat' dir='ltr'><strong>sed</strong></span> <span class='ocrx_word' id='word_1_238' title='bbox 476 2500 550 2587; x_wconf 81' lang='lat' dir='ltr'><strong>quis</strong></span> <span class='ocrx_word' id='word_1_239' title='bbox 562 2499 791 2564; x_wconf 86' lang='lat' dir='ltr'><strong>florentissimis</strong></span> <span class='ocrx_word' id='word_1_240' title='bbox 813 2500 994 2584; x_wconf 80' lang='lat' dir='ltr'><strong>reipublicae</strong></span> <span class='ocrx_word' id='word_1_241' title='bbox 1011 2500 1167 2564; x_wconf 78' lang='lat' dir='ltr'><strong>Romanos</strong></span> <span class='ocrx_word' id='word_1_242' title='bbox 1181 2501 1335 2583; x_wconf 87' lang='lat' dir='ltr'><strong>tempori·</strong></span> 
     </span>
     <span class='ocr_line' id='line_1_30' title="bbox 237 2580 1334 2673; baseline 0.005 -29"><span class='ocrx_word' id='word_1_243' title='bbox 237 2580 298 2645; x_wconf 92' lang='lat' dir='ltr'><strong>bus</strong></span> <span class='ocrx_word' id='word_1_244' title='bbox 312 2605 422 2648; x_wconf 89' lang='lat' dir='ltr'><strong>census</strong></span> <span class='ocrx_word' id='word_1_245' title='bbox 437 2587 618 2661; x_wconf 85' lang='lat' dir='ltr'><strong>senatorius,</strong></span> <span class='ocrx_word' id='word_1_246' title='bbox 635 2597 713 2648; x_wconf 87' lang='lat' dir='ltr'><strong>teste</strong></span> <span class='ocrx_word' id='word_1_247' title='bbox 729 2587 860 2649; x_wconf 86' lang='lat' dir='ltr'><strong>Sueton.</strong></span> <span class='ocrx_word' id='word_1_248' title='bbox 880 2586 914 2664; x_wconf 91' lang='lat' dir='ltr'><strong>in</strong></span> <span class='ocrx_word' id='word_1_249' title='bbox 933 2589 1015 2673; x_wconf 79' lang='lat' dir='ltr'><strong>Aug.</strong></span> <span class='ocrx_word' id='word_1_250' title='bbox 1031 2607 1060 2648; x_wconf 88' lang='lat' dir='ltr'><strong>c.</strong></span> <span class='ocrx_word' id='word_1_251' title='bbox 1075 2595 1128 2650; x_wconf 79' lang='lat'><strong>41.</strong></span> <span class='ocrx_word' id='word_1_252' title='bbox 1144 2586 1334 2668; x_wconf 76' lang='lat' dir='ltr'><strong>octingentis</strong></span> 
     </span>
     <span class='ocr_line' id='line_1_31' title="bbox 237 2665 1334 2756; baseline 0.005 -27"><span class='ocrx_word' id='word_1_253' title='bbox 237 2665 378 2733; x_wconf 89' lang='lat' dir='ltr'><strong>millibus</strong></span> <span class='ocrx_word' id='word_1_254' title='bbox 401 2670 574 2734; x_wconf 72' lang='lat' dir='ltr'><strong>sestertium</strong></span> <span class='ocrx_word' id='word_1_255' title='bbox 597 2669 747 2733; x_wconf 86' lang='lat' dir='ltr'><strong>delinitus</strong></span> <span class='ocrx_word' id='word_1_256' title='bbox 768 2670 837 2748; x_wconf 75' lang='lat' dir='ltr'><strong>luit,</strong></span> <span class='ocrx_word' id='word_1_257' title='bbox 863 2683 895 2735; x_wconf 86' lang='lat' dir='ltr'><strong>et</strong></span> <span class='ocrx_word' id='word_1_258' title='bbox 917 2671 957 2735; x_wconf 84' lang='lat' dir='ltr'><strong>ab</strong></span> <span class='ocrx_word' id='word_1_259' title='bbox 976 2675 1121 2756; x_wconf 74' lang='lat' dir='ltr'><strong>Augusto</strong></span> <span class='ocrx_word' id='word_1_260' title='bbox 1141 2672 1271 2734; x_wconf 87' lang='lat' dir='ltr'><strong>demum</strong></span> <span class='ocrx_word' id='word_1_261' title='bbox 1292 2672 1334 2735; x_wconf 81' lang='lat' dir='ltr'><strong>ed</strong></span> 
     </span>
     <span class='ocr_line' id='line_1_32' title="bbox 230 2751 1032 2829; baseline 0.005 -14"><span class='ocrx_word' id='word_1_262' title='bbox 230 2751 351 2829; x_wconf 51' lang='lat' dir='ltr'><strong>&#39;‘decies,</strong></span> <span class='ocrx_word' id='word_1_263' title='bbox 368 2754 417 2817; x_wconf 83' lang='lat' dir='ltr'><strong>vel</strong></span> <span class='ocrx_word' id='word_1_264' title='bbox 432 2755 601 2819; x_wconf 87' lang='lat' dir='ltr'><strong>duodecies</strong></span> <span class='ocrx_word' id='word_1_265' title='bbox 616 2757 792 2819; x_wconf 83' lang='lat' dir='ltr'><strong>sestertium</strong></span> <span class='ocrx_word' id='word_1_266' title='bbox 807 2769 928 2821; x_wconf 87' lang='lat' dir='ltr'><strong>auctus.</strong></span> <span class='ocrx_word' id='word_1_267' title='bbox 1030 2773 1032 2778; x_wconf 81' lang='grc'>’</span> 
     </span>
     <span class='ocr_line' id='line_1_33' title="bbox 77 2838 1333 2928; baseline 0.002 -26"><span class='ocrx_word' id='word_1_268' title='bbox 77 2855 200 2915; x_wconf 75' lang='lat' dir='ltr'><strong>superest,</strong></span> <span class='ocrx_word' id='word_1_269' title='bbox 231 2861 235 2906; x_wconf 78' lang='lat'>5</span> <span class='ocrx_word' id='word_1_270' title='bbox 283 2838 453 2923; x_wconf 86' lang='lat' dir='ltr'><strong>Reliquum</strong></span> <span class='ocrx_word' id='word_1_271' title='bbox 474 2851 530 2917; x_wconf 84' lang='lat' dir='ltr'><strong>est,</strong></span> <span class='ocrx_word' id='word_1_272' title='bbox 547 2854 582 2903; x_wconf 89' lang='lat' dir='ltr'><strong>ut</strong></span> <span class='ocrx_word' id='word_1_273' title='bbox 595 2862 639 2903; x_wconf 83' lang='lat' dir='ltr'><strong>oes</strong></span> <span class='ocrx_word' id='word_1_274' title='bbox 652 2862 749 2927; x_wconf 78' lang='lat' dir='ltr'><strong>graue</strong></span> <span class='ocrx_word' id='word_1_275' title='bbox 763 2843 897 2926; x_wconf 85' lang='lat' dir='ltr'><strong>priscam</strong></span> <span class='ocrx_word' id='word_1_276' title='bbox 913 2841 953 2904; x_wconf 84' lang='lat' dir='ltr'><strong>ad</strong></span> <span class='ocrx_word' id='word_1_277' title='bbox 969 2857 1134 2928; x_wconf 78' lang='lat' dir='ltr'><strong>argentum</strong></span> <span class='ocrx_word' id='word_1_278' title='bbox 1149 2840 1333 2925; x_wconf 83' lang='lat' dir='ltr'><strong>proportio-</strong></span> 
     </span>
     <span class='ocr_line' id='line_1_34' title="bbox 75 2918 1333 3010; baseline 0.008 -28"><span class='ocrx_word' id='word_1_279' title='bbox 75 2918 311 2983; x_wconf 62' lang='lat' dir='ltr'><strong>utide”minem</strong></span> <span class='ocrx_word' id='word_1_280' title='bbox 333 2924 500 2990; x_wconf 88' lang='lat' dir='ltr'><strong>retinuisse</strong></span> <span class='ocrx_word' id='word_1_281' title='bbox 519 2940 692 3001; x_wconf 82' lang='lat' dir='ltr'><strong>censeatur,</strong></span> <span class='ocrx_word' id='word_1_282' title='bbox 705 2947 782 3010; x_wconf 80' lang='lat' dir='ltr'><strong>,quae</strong></span> <span class='ocrx_word' id='word_1_283' title='bbox 799 2926 956 2990; x_wconf 80' lang='lat' dir='ltr'><strong>Perizonii</strong></span> <span class='ocrx_word' id='word_1_284' title='bbox 978 2951 998 2989; x_wconf 94' lang='lat' dir='ltr'><strong>o</strong></span> <span class='ocrx_word' id='word_1_285' title='bbox 1023 2927 1088 2990; x_wconf 91' lang='lat' dir='ltr'><strong>inio</strong></span> <span class='ocrx_word' id='word_1_286' title='bbox 1107 2943 1162 2989; x_wconf 83' lang='lat' dir='ltr'><strong>est</strong></span> <span class='ocrx_word' id='word_1_287' title='bbox 1209 2926 1333 2992; x_wconf 78' lang='lat' dir='ltr'><strong>Firmet</strong></span> 
     </span>
     <span class='ocr_line' id='line_1_35' title="bbox 74 2950 1333 3108; baseline 0.006 -39"><span class='ocrx_word' id='word_1_288' title='bbox 74 2983 321 3108; x_wconf 49' lang='lat' dir='ltr'><strong>ffllssffhenc</strong></span> <span class='ocrx_word' id='word_1_289' title='bbox 342 3009 528 3073; x_wconf 87' lang='lat' dir='ltr'><strong>seutentiam</strong></span> <span class='ocrx_word' id='word_1_290' title='bbox 552 3031 616 3073; x_wconf 89' lang='lat' dir='ltr'><strong>non</strong></span> <span class='ocrx_word' id='word_1_291' title='bbox 636 3012 832 3095; x_wconf 88' lang='lat' dir='ltr'><strong>spernendus</strong></span> <span class='ocrx_word' id='word_1_292' title='bbox 855 3028 967 3076; x_wconf 83' lang='lat' dir='ltr'><strong>auctor</strong></span> <span class='ocrx_word' id='word_1_293' title='bbox 992 2950 1192 3086; x_wconf 61' lang='lat' dir='ltr'><strong>Blutarchus,</strong></span> <span class='ocrx_word' id='word_1_294' title='bbox 1217 3012 1274 3096; x_wconf 88' lang='lat' dir='ltr'><strong>qui</strong></span> <span class='ocrx_word' id='word_1_295' title='bbox 1298 3013 1333 3076; x_wconf 88' lang='lat' dir='ltr'><strong>iu</strong></span> 
     </span>
     <span class='ocr_line' id='line_1_36' title="bbox 74 3092 1332 3183; baseline 0.006 -28"><span class='ocrx_word' id='word_1_296' title='bbox 74 3111 209 3157; x_wconf 79' lang='lat' dir='ltr'><strong>asstnun-</strong></span> <span class='ocrx_word' id='word_1_297' title='bbox 239 3092 371 3158; x_wconf 87' lang='lat' dir='ltr'><strong>Catonis</strong></span> <span class='ocrx_word' id='word_1_298' title='bbox 385 3117 517 3160; x_wconf 89' lang='lat' dir='ltr'><strong>censura</strong></span> <span class='ocrx_word' id='word_1_299' title='bbox 531 3117 600 3159; x_wconf 86' lang='lat' dir='ltr'><strong>eam</strong></span> <span class='ocrx_word' id='word_1_300' title='bbox 614 3098 760 3181; x_wconf 72' lang='lat' dir='ltr'><strong>pecuniis</strong></span> <span class='ocrx_word' id='word_1_301' title='bbox 783 3119 948 3174; x_wconf 87' lang='lat' dir='ltr'><strong>summam,</strong></span> <span class='ocrx_word' id='word_1_302' title='bbox 964 3120 1037 3183; x_wconf 77' lang='lat' dir='ltr'><strong>quse</strong></span> <span class='ocrx_word' id='word_1_303' title='bbox 1051 3100 1135 3180; x_wconf 92' lang='lat' dir='ltr'><strong>apud</strong></span> <span class='ocrx_word' id='word_1_304' title='bbox 1153 3097 1293 3173; x_wconf 83' lang='lat' dir='ltr'><strong>Livium,</strong></span> <span class='ocrx_word' id='word_1_305' title='bbox 1311 3098 1332 3162; x_wconf 83' lang='lat' dir='ltr'><strong>l.</strong></span> 
     </span>
     <span class='ocr_line' id='line_1_37' title="bbox 74 3173 1333 3266; baseline 0.002 -22"><span class='ocrx_word' id='word_1_306' title='bbox 74 3173 189 3232; x_wconf 48' lang='grc' dir='ltr'><strong>ΜΨ</strong></span> <span class='ocrx_word' id='word_1_307' title='bbox 227 3177 402 3246; x_wconf 84' lang='lat' dir='ltr'><strong>XXXIX.</strong></span> <span class='ocrx_word' id='word_1_308' title='bbox 418 3204 445 3248; x_wconf 86' lang='lat' dir='ltr'><strong>c.</strong></span> <span class='ocrx_word' id='word_1_309' title='bbox 461 3191 514 3246; x_wconf 77' lang='lat'><strong>44.</strong></span> <span class='ocrx_word' id='word_1_310' title='bbox 533 3193 579 3246; x_wconf 86' lang='lat' dir='ltr'><strong>est</strong></span> <span class='ocrx_word' id='word_1_311' title='bbox 604 3185 773 3266; x_wconf 80' lang='lat' dir='ltr'><strong>quindecim</strong></span> <span class='ocrx_word' id='word_1_312' title='bbox 794 3185 923 3246; x_wconf 80' lang='lat' dir='ltr'><strong>millium</strong></span> <span class='ocrx_word' id='word_1_313' title='bbox 945 3186 1027 3260; x_wconf 62' lang='lat' dir='ltr'><strong>mis,</strong></span> <span class='ocrx_word' id='word_1_314' title='bbox 1057 3183 1193 3246; x_wconf 83' lang='lat' dir='ltr'><strong>aestimat</strong></span> <span class='ocrx_word' id='word_1_315' title='bbox 1214 3183 1333 3246; x_wconf 80' lang='lat' dir='ltr'><strong>drach·</strong></span> 
     </span>
     <span class='ocr_line' id='line_1_38' title="bbox 72 3238 1333 3354; baseline 0.005 -28"><span class='ocrx_word' id='word_1_316' title='bbox 72 3238 196 3352; x_wconf 39' lang='lat' dir='ltr'><strong>fflt,</strong></span> <span class='ocrx_word' id='word_1_317' title='bbox 225 3265 295 3327; x_wconf 85' lang='lat' dir='ltr'><strong>&#39;mis</strong></span> <span class='ocrx_word' id='word_1_318' title='bbox 318 3266 404 3330; x_wconf 88' lang='lat' dir='ltr'><strong>mille</strong></span> <span class='ocrx_word' id='word_1_319' title='bbox 427 3268 616 3354; x_wconf 83' lang='lat' dir='ltr'><strong>quingentis.</strong></span> <span class='ocrx_word' id='word_1_320' title='bbox 661 3266 771 3343; x_wconf 86' lang='lat' dir='ltr'><strong>Quum</strong></span> <span class='ocrx_word' id='word_1_321' title='bbox 797 3268 882 3331; x_wconf 89' lang='lat' dir='ltr'><strong>enim</strong></span> <span class='ocrx_word' id='word_1_322' title='bbox 906 3268 1058 3332; x_wconf 77' lang='lat' dir='ltr'><strong>drachmas</strong></span> <span class='ocrx_word' id='word_1_323' title='bbox 1124 3282 1333 3332; x_wconf 78' lang='lat' dir='ltr'><strong>scensestur</strong></span> 
     </span>
     <span class='ocr_line' id='line_1_39' title="bbox 229 3346 1332 3500; baseline 0.005 -90"><span class='ocrx_word' id='word_1_324' title='bbox 229 3346 329 3435; x_wconf 15' lang='lat' dir='ltr'><strong>*fluisse</strong></span> <span class='ocrx_word' id='word_1_325' title='bbox 350 3351 494 3434; x_wconf 89' lang='lat' dir='ltr'><strong>denario,</strong></span> <span class='ocrx_word' id='word_1_326' title='bbox 516 3351 637 3500; x_wconf 64' lang='grc' dir='ltr'><strong>0Ὲίοο</strong></span> <span class='ocrx_word' id='word_1_327' title='bbox 654 3360 742 3435; x_wconf 86' lang='lat' dir='ltr'><strong>patet</strong></span> <span class='ocrx_word' id='word_1_328' title='bbox 763 3356 860 3417; x_wconf 82' lang='lat' dir='ltr'><strong>decem</strong></span> <span class='ocrx_word' id='word_1_329' title='bbox 882 3357 954 3418; x_wconf 78' lang='lat' dir='ltr'><strong>a‘ris</strong></span> <span class='ocrx_word' id='word_1_330' title='bbox 968 3352 1063 3416; x_wconf 84' lang='lat' dir='ltr'><strong>fuisse</strong></span> <span class='ocrx_word' id='word_1_331' title='bbox 1116 3352 1259 3417; x_wconf 83' lang='lat' dir='ltr'><strong>lutsrcho</strong></span> <span class='ocrx_word' id='word_1_332' title='bbox 1273 3352 1332 3417; x_wconf 85' lang='lat' dir='ltr'><strong>de·</strong></span> 
     </span>
     <span class='ocr_line' id='line_1_40' title="bbox 232 3431 1332 3526; baseline 0.01 -31"><span class='ocrx_word' id='word_1_333' title='bbox 232 3431 358 3498; x_wconf 89' lang='lat' dir='ltr'><strong>narium</strong></span> <span class='ocrx_word' id='word_1_334' title='bbox 382 3458 490 3500; x_wconf 88' lang='lat' dir='ltr'><strong>unum.</strong></span> <span class='ocrx_word' id='word_1_335' title='bbox 583 3460 597 3500; x_wconf 88' lang='lat' dir='ltr'><strong>s</strong></span> <span class='ocrx_word' id='word_1_336' title='bbox 621 3437 724 3500; x_wconf 86' lang='lat' dir='ltr'><strong>autem</strong></span> <span class='ocrx_word' id='word_1_337' title='bbox 772 3460 844 3501; x_wconf 82' lang='lat' dir='ltr'><strong>rave</strong></span> <span class='ocrx_word' id='word_1_338' title='bbox 858 3437 910 3502; x_wconf 90' lang='lat' dir='ltr'><strong>hic</strong></span> <span class='ocrx_word' id='word_1_339' title='bbox 923 3438 1057 3526; x_wconf 79' lang='lat' dir='ltr'><strong>intelligi</strong></span> <span class='ocrx_word' id='word_1_340' title='bbox 1078 3438 1194 3502; x_wconf 88' lang='lat' dir='ltr'><strong>debere</strong></span> <span class='ocrx_word' id='word_1_341' title='bbox 1215 3460 1280 3501; x_wconf 89' lang='lat' dir='ltr'><strong>non</strong></span> <span class='ocrx_word' id='word_1_342' title='bbox 1296 3439 1332 3506; x_wconf 84' lang='lat' dir='ltr'><strong>id</strong></span> 
     </span>
     <span class='ocr_line' id='line_1_41' title="bbox 222 3459 770 3608; baseline 0.007 -28"><span class='ocrx_word' id='word_1_343' title='bbox 222 3517 333 3581; x_wconf 81' lang='lat' dir='ltr'><strong>&#39;solum</strong></span> <span class='ocrx_word' id='word_1_344' title='bbox 356 3534 543 3608; x_wconf 83' lang='lat' dir='ltr'><strong>argumento</strong></span> <span class='ocrx_word' id='word_1_345' title='bbox 558 3533 613 3598; x_wconf 86' lang='lat' dir='ltr'><strong>est,</strong></span> <span class='ocrx_word' id='word_1_346' title='bbox 637 3459 770 3608; x_wconf 64' lang='lat' dir='ltr'><strong>quodd</strong></span> 
     </span>
     <span class='ocr_line' id='line_1_42' title="bbox 223 3603 1331 3694; baseline 0.004 -24"><span class='ocrx_word' id='word_1_347' title='bbox 223 3603 318 3690; x_wconf 45' lang='lat' dir='ltr'><strong>*quod</strong></span> <span class='ocrx_word' id='word_1_348' title='bbox 334 3627 415 3669; x_wconf 88' lang='lat' dir='ltr'><strong>asses</strong></span> <span class='ocrx_word' id='word_1_349' title='bbox 435 3607 576 3684; x_wconf 85' lang='lat' dir='ltr'><strong>leviores,</strong></span> <span class='ocrx_word' id='word_1_350' title='bbox 589 3610 642 3694; x_wconf 92' lang='lat' dir='ltr'><strong>qui</strong></span> <span class='ocrx_word' id='word_1_351' title='bbox 659 3605 735 3672; x_wconf 77' lang='lat' dir='ltr'><strong>tunc</strong></span> <span class='ocrx_word' id='word_1_352' title='bbox 755 3608 788 3671; x_wconf 91' lang='lat' dir='ltr'><strong>in</strong></span> <span class='ocrx_word' id='word_1_353' title='bbox 809 3631 868 3673; x_wconf 86' lang='lat' dir='ltr'><strong>usu</strong></span> <span class='ocrx_word' id='word_1_354' title='bbox 883 3625 984 3689; x_wconf 89' lang='lat' dir='ltr'><strong>erant,</strong></span> <span class='ocrx_word' id='word_1_355' title='bbox 1001 3610 1033 3673; x_wconf 90' lang='lat' dir='ltr'><strong>in</strong></span> <span class='ocrx_word' id='word_1_356' title='bbox 1049 3631 1148 3672; x_wconf 91' lang='lat' dir='ltr'><strong>unum</strong></span> <span class='ocrx_word' id='word_1_357' title='bbox 1164 3610 1331 3675; x_wconf 79' lang='lat' dir='ltr'><strong>denarium</strong></span> 
     </span>
     <span class='ocr_line' id='line_1_43' title="bbox 231 3687 1330 3766; baseline 0.004 -12"><span class='ocrx_word' id='word_1_358' title='bbox 231 3687 365 3754; x_wconf 76' lang='lat' dir='ltr'><strong>sedecim</strong></span> <span class='ocrx_word' id='word_1_359' title='bbox 396 3692 697 3757; x_wconf 85' lang='lat' dir='ltr'><strong>contribuebantur:</strong></span> <span class='ocrx_word' id='word_1_360' title='bbox 732 3689 787 3757; x_wconf 68' lang='lat' dir='ltr'><strong>ita⁸</strong></span> <span class='ocrx_word' id='word_1_361' title='bbox 800 3706 837 3757; x_wconf 91' lang='lat' dir='ltr'><strong>ut</strong></span> <span class='ocrx_word' id='word_1_362' title='bbox 886 3696 1044 3758; x_wconf 88' lang='lat' dir='ltr'><strong>uindecim</strong></span> <span class='ocrx_word' id='word_1_363' title='bbox 1076 3694 1174 3758; x_wconf 89' lang='lat' dir='ltr'><strong>millia</strong></span> <span class='ocrx_word' id='word_1_364' title='bbox 1198 3694 1330 3766; x_wconf 85' lang='lat' dir='ltr'><strong>illorum</strong></span> 
     </span>
     <span class='ocr_line' id='line_1_44' title="bbox 232 3718 1331 3866; baseline 0.001 -21"><span class='ocrx_word' id='word_1_365' title='bbox 232 3774 347 3866; x_wconf 67' lang='lat' dir='ltr'><strong>assium</strong></span> <span class='ocrx_word' id='word_1_366' title='bbox 363 3799 426 3846; x_wconf 90' lang='lat' dir='ltr'><strong>non</strong></span> <span class='ocrx_word' id='word_1_367' title='bbox 446 3787 539 3844; x_wconf 86' lang='lat'>1500.</span> <span class='ocrx_word' id='word_1_368' title='bbox 561 3777 708 3856; x_wconf 80' lang='lat' dir='ltr'><strong>denariis,</strong></span> <span class='ocrx_word' id='word_1_369' title='bbox 725 3802 779 3843; x_wconf 90' lang='lat' dir='ltr'><strong>seu</strong></span> <span class='ocrx_word' id='word_1_370' title='bbox 799 3718 965 3857; x_wconf 76' lang='lat' dir='ltr'><strong>dradrmis,</strong></span> <span class='ocrx_word' id='word_1_371' title='bbox 987 3779 1041 3843; x_wconf 85' lang='lat' dir='ltr'><strong>sed</strong></span> <span class='ocrx_word' id='word_1_372' title='bbox 1056 3780 1151 3859; x_wconf 58' lang='grc' dir='ltr'>93η.</span> <span class='ocrx_word' id='word_1_373' title='bbox 1176 3781 1265 3865; x_wconf 76' lang='lat' dir='ltr'><strong>peris</strong></span> <span class='ocrx_word' id='word_1_374' title='bbox 1279 3780 1331 3845; x_wconf 75' lang='lat' dir='ltr'><strong>fu-</strong></span> 
     </span>
     <span class='ocr_line' id='line_1_45' title="bbox 230 3872 429 3932; baseline 0.02 -8"><span class='ocrx_word' id='word_1_375' title='bbox 230 3872 429 3932; x_wconf 23' lang='lat' dir='ltr'><strong>turasseasent„</strong></span> 
     </span>
     <span class='ocr_line' id='line_1_46' title="bbox 224 3946 1330 4036; baseline 0.004 -27"><span class='ocrx_word' id='word_1_376' title='bbox 224 4027 227 4032; x_wconf 25' lang='grc' dir='ltr'>Ι</span> <span class='ocrx_word' id='word_1_377' title='bbox 275 3946 364 4034; x_wconf 81' lang='lat' dir='ltr'><strong>Ergo</strong></span> <span class='ocrx_word' id='word_1_378' title='bbox 378 3948 486 4024; x_wconf 87' lang='lat' dir='ltr'><strong>decom</strong></span> <span class='ocrx_word' id='word_1_379' title='bbox 503 3951 574 4016; x_wconf 85' lang='lat' dir='ltr'><strong>aeris</strong></span> <span class='ocrx_word' id='word_1_380' title='bbox 588 3950 703 4036; x_wconf 81' lang='lat' dir='ltr'><strong>gravis,</strong></span> <span class='ocrx_word' id='word_1_381' title='bbox 719 3961 756 4012; x_wconf 90' lang='lat' dir='ltr'><strong>ut</strong></span> <span class='ocrx_word' id='word_1_382' title='bbox 769 3950 871 4028; x_wconf 90' lang='lat' dir='ltr'><strong>initio,</strong></span> <span class='ocrx_word' id='word_1_383' title='bbox 895 3951 938 4015; x_wconf 86' lang='lat' dir='ltr'><strong>ita</strong></span> <span class='ocrx_word' id='word_1_384' title='bbox 952 3963 984 4015; x_wconf 85' lang='lat' dir='ltr'><strong>et</strong></span> <span class='ocrx_word' id='word_1_385' title='bbox 996 3973 1055 4036; x_wconf 85' lang='lat' dir='ltr'><strong>per</strong></span> <span class='ocrx_word' id='word_1_386' title='bbox 1069 3972 1164 4014; x_wconf 88' lang='lat' dir='ltr'><strong>omne</strong></span> <span class='ocrx_word' id='word_1_387' title='bbox 1178 3950 1330 4036; x_wconf 87' lang='lat' dir='ltr'><strong>deinceps</strong></span> 
     </span>
     <span class='ocr_line' id='line_1_47' title="bbox 230 4034 1329 4120; baseline 0.008 -27"><span class='ocrx_word' id='word_1_388' title='bbox 230 4042 365 4118; x_wconf 85' lang='lat' dir='ltr'><strong>tempus,</strong></span> <span class='ocrx_word' id='word_1_389' title='bbox 377 4034 543 4117; x_wconf 79' lang='lat' dir='ltr'><strong>derrarium</strong></span> <span class='ocrx_word' id='word_1_390' title='bbox 558 4035 767 4120; x_wconf 75' lang='lat' dir='ltr'><strong>aequsvmint:</strong></span> <span class='ocrx_word' id='word_1_391' title='bbox 786 4036 1059 4120; x_wconf 78' lang='lat' dir='ltr'><strong>&#39;quemadmodum</strong></span> <span class='ocrx_word' id='word_1_392' title='bbox 1071 4051 1184 4102; x_wconf 79' lang='lat' dir='ltr'><strong>contre</strong></span> <span class='ocrx_word' id='word_1_393' title='bbox 1195 4039 1229 4099; x_wconf 80' lang='lat' dir='ltr'><strong>is</strong></span> <span class='ocrx_word' id='word_1_394' title='bbox 1243 4040 1329 4102; x_wconf 73' lang='lat' dir='ltr'><strong>aiti-</strong></span> 
     </span>
     <span class='ocr_line' id='line_1_48' title="bbox 230 4120 1330 4220; baseline 0.012 -45"><span class='ocrx_word' id='word_1_395' title='bbox 230 4120 297 4179; x_wconf 82' lang='lat' dir='ltr'><strong>tari</strong></span> <span class='ocrx_word' id='word_1_396' title='bbox 308 4121 463 4220; x_wconf 70' lang='lat' dir='ltr'><strong>stependt‘o</strong></span> <span class='ocrx_word' id='word_1_397' title='bbox 475 4143 592 4202; x_wconf 86' lang='lat' dir='ltr'><strong>semper</strong></span> <span class='ocrx_word' id='word_1_398' title='bbox 604 4122 749 4184; x_wconf 67' lang='lat' dir='ltr'><strong>mrim</strong></span> <span class='ocrx_word' id='word_1_399' title='bbox 757 4143 820 4204; x_wconf 85' lang='lat' dir='ltr'><strong>pro</strong></span> <span class='ocrx_word' id='word_1_400' title='bbox 833 4125 930 4186; x_wconf 80' lang='lat' dir='ltr'><strong>decem</strong></span> <span class='ocrx_word' id='word_1_401' title='bbox 951 4123 1068 4187; x_wconf 76' lang='lat' dir='ltr'><strong>assibus</strong></span> <span class='ocrx_word' id='word_1_402' title='bbox 1086 4135 1134 4186; x_wconf 83' lang='lat' dir='ltr'><strong>est</strong></span> <span class='ocrx_word' id='word_1_403' title='bbox 1147 4124 1249 4197; x_wconf 73' lang='lat' dir='ltr'><strong>danes,</strong></span> <span class='ocrx_word' id='word_1_404' title='bbox 1263 4134 1330 4188; x_wconf 79' lang='lat' dir='ltr'><strong>tes·</strong></span> 
     </span>
     <span class='ocr_line' id='line_1_49' title="bbox 224 4199 1330 4293; baseline 0.014 -34"><span class='ocrx_word' id='word_1_405' title='bbox 224 4210 262 4274; x_wconf 81' lang='lat' dir='ltr'><strong>¹te</strong></span> <span class='ocrx_word' id='word_1_406' title='bbox 278 4199 392 4280; x_wconf 79' lang='lat' dir='ltr'><strong>Plinio,</strong></span> <span class='ocrx_word' id='word_1_407' title='bbox 409 4204 428 4268; x_wconf 92' lang='lat' dir='ltr'><strong>l.</strong></span> <span class='ocrx_word' id='word_1_408' title='bbox 444 4205 611 4278; x_wconf 80' lang='lat' dir='ltr'><strong>xxxlll.</strong></span> <span class='ocrx_word' id='word_1_409' title='bbox 627 4228 656 4269; x_wconf 84' lang='lat' dir='ltr'><strong>c.</strong></span> <span class='ocrx_word' id='word_1_410' title='bbox 670 4217 702 4272; x_wconf 80' lang='grc'><strong>3.</strong></span> <span class='ocrx_word' id='word_1_411' title='bbox 717 4205 751 4268; x_wconf 93' lang='lat' dir='ltr'><strong>id</strong></span> <span class='ocrx_word' id='word_1_412' title='bbox 766 4220 822 4284; x_wconf 84' lang='lat' dir='ltr'><strong>est,</strong></span> <span class='ocrx_word' id='word_1_413' title='bbox 838 4220 936 4292; x_wconf 89' lang='lat' dir='ltr'><strong>prout</strong></span> <span class='ocrx_word' id='word_1_414' title='bbox 953 4208 1180 4291; x_wconf 81' lang='lat' dir='ltr'><strong>interpretetur</strong></span> <span class='ocrx_word' id='word_1_415' title='bbox 1194 4207 1330 4293; x_wconf 82' lang='lat' dir='ltr'><strong>Lipsius</strong></span> 
     </span>
     <span class='ocr_line' id='line_1_50' title="bbox 229 4277 1328 4382; baseline 0.004 -40"><span class='ocrx_word' id='word_1_416' title='bbox 229 4277 364 4348; x_wconf 78' lang='lat' dir='ltr'><strong>ad&#39;Tsc.</strong></span> <span class='ocrx_word' id='word_1_417' title='bbox 382 4288 467 4375; x_wconf 69' lang='lat' dir='ltr'><strong>dun.</strong></span> <span class='ocrx_word' id='word_1_418' title='bbox 483 4290 505 4354; x_wconf 92' lang='lat' dir='ltr'><strong>l.</strong></span> <span class='ocrx_word' id='word_1_419' title='bbox 522 4290 548 4354; x_wconf 91' lang='lat'><strong>1.</strong></span> <span class='ocrx_word' id='word_1_420' title='bbox 564 4312 592 4354; x_wconf 85' lang='lat' dir='ltr'><strong>c.</strong></span> <span class='ocrx_word' id='word_1_421' title='bbox 613 4295 660 4365; x_wconf 88' lang='grc'><strong>17.</strong></span> <span class='ocrx_word' id='word_1_422' title='bbox 683 4312 865 4382; x_wconf 82' lang='lat' dir='ltr'><strong>quanquam</strong></span> <span class='ocrx_word' id='word_1_423' title='bbox 885 4292 1006 4378; x_wconf 77' lang='lat' dir='ltr'><strong>denarii</strong></span> <span class='ocrx_word' id='word_1_424' title='bbox 1020 4293 1125 4381; x_wconf 81' lang='lat' dir='ltr'><strong>pretio</strong></span> <span class='ocrx_word' id='word_1_425' title='bbox 1142 4305 1249 4373; x_wconf 83' lang='lat' dir='ltr'><strong>aucto,</strong></span> <span class='ocrx_word' id='word_1_426' title='bbox 1264 4295 1328 4359; x_wconf 72' lang='lat' dir='ltr'><strong>mi.</strong></span> 
     </span>
    </p>
   </div>
   <div class='ocr_carea' id='block_1_9' title="bbox 760 3523 1452 3610">
    <p class='ocr_par' dir='ltr' id='par_1_9' title="bbox 760 3523 1452 3610">
     <span class='ocr_line' id='line_1_51' title="bbox 760 3523 1452 3610; baseline 0.003 -24"><span class='ocrx_word' id='word_1_427' title='bbox 760 3545 886 3587; x_wconf 90' lang='lat' dir='ltr'><strong>ecensu</strong></span> <span class='ocrx_word' id='word_1_428' title='bbox 908 3524 1022 3610; x_wconf 80' lang='lat' dir='ltr'><strong>egitur,</strong></span> <span class='ocrx_word' id='word_1_429' title='bbox 1046 3524 1099 3586; x_wconf 85' lang='lat' dir='ltr'><strong>sed</strong></span> <span class='ocrx_word' id='word_1_430' title='bbox 1120 3523 1200 3594; x_wconf 86' lang='lat' dir='ltr'><strong>illud</strong></span> <span class='ocrx_word' id='word_1_431' title='bbox 1222 3523 1330 3603; x_wconf 71' lang='lat' dir='ltr'><strong>edum,</strong></span> <span class='ocrx_word' id='word_1_432' title='bbox 1447 3525 1452 3555; x_wconf 77' lang='lat'>⁸</span> 
     </span>
    </p>
   </div>
   <div class='ocr_carea' id='block_1_10' title="bbox 0 0 1476 4750">
    <p class='ocr_par' dir='ltr' id='par_1_10' title="bbox 0 0 1476 4750">
     <span class='ocr_line' id='line_1_52' title="bbox 0 0 1476 4750; baseline 0 5"><span class='ocrx_word' id='word_1_433' title='bbox 0 0 1476 4750; x_wconf 95' lang='lat' dir='ltr'><strong> </strong></span> 
     </span>
    </p>
   </div>
  </div>
 </body>
</html>
