2942 4750
215 272 219 281 ,
292 190 332 244 46
675 181 786 242 ΤΙΤΙ
818 180 954 242 L1v11

128 370 157 417 a.
168 369 195 417 c.
207 367 262 419 aaa
291 350 406 437 inquii,
423 350 545 415 incertis
548 348 676 431 jactata
685 348 864 423 memoribres,
881 356 910 410 et
924 345 1065 428 cupidita
1078 345 1207 423 credita,
1224 345 1298 430 quia
1310 364 1360 410 ae·

129 436 161 482 A.
171 434 199 481 ⁰·
213 433 266 482 1⁷2.
289 457 329 500 ra
344 458 406 502 esee
417 439 456 499 de
468 435 591 499 inimico
604 432 732 495 crinrina
747 433 892 509 volebam,
909 433 1017 516 adfero
1030 434 1075 494 ad
1087 452 1146 508 vos,
1164 433 1279 496 Patres
1288 452 1359 495 con-

288 524 415 606 scripta·
438 522 492 583 sed
503 527 656 599 comperta
670 527 700 580 ct
719 520 888 599 caperrata,
906 518 990 580 baud
1006 539 1089 581 scats
1103 520 1235 601 promsi
1253 538 1359 600 spectr-

289 610 371 673 lator
383 609 490 669 miscus
508 624 529 664 a
550 602 635 666 vobis
654 601 786 685 mm'ecta
807 606 901 667 aculis
922 603 1072 687 referrem.
1117 604 1233 685 Neque,
1256 603 1361 665 relicto

287 714 385 777 regno
398 711 471 763 meo,
483 689 562 773 qrcod
574 690 708 769 animum
722 698 753 750 et
767 690 919 772 egregium
934 710 985 752 oos
993 689 1131 771 fecistis,
1143 710 1228 751 mare
1241 697 1359 751 tantum

288 776 479 859 trajecissem,
495 783 529 835 ut
542 795 626 836 vana
641 775 686 836 ad
704 794 765 857 uos
778 774 1052 857 adferendofidem
1073 774 1251 857 abrogarem
1273 772 1358 835 milei.

289 860 452 926 Cernebam
467 858 669 922 nobilissimas
683 859 770 923 Asia
784 870 814 922 et
830 859 965 923 Gracia
977 859 1123 934 civitates,
1137 861 1170 920 in
1185 859 1250 921 dies
1264 856 1359 940 magis

281 945 473 1009 denudantes
484 943 611 1026 judicia
632 966 698 1020 um,
710 966 788 1022 moe,
805 946 835 1006 ei
849 945 1089 1026 permitteretur,
1106 966 1141 1006 eo
1149 961 1356 1024 processurae,

286 1032 367 1095 unde
380 1039 526 1111 receptior
542 1031 585 1091 ad
599 1030 809 1110 paenitendum
824 1051 885 1091 nan
898 1028 1052 1092 baberent.
1099 1028 1262 1092 Cernebam
1277 1030 1358 1091 Per-

286 1136 350 1192 sea,
361 1136 420 1179 non
434 1115 632 1177 coutinentem
646 1136 678 1178 se
692 1113 889 1177 Macedonico
901 1135 1002 1197 regno,
1014 1115 1082 1176 alia
1097 1115 1192 1177 armis
1206 1132 1357 1194 ocaepan·

279 1210 357 1278 tem,
372 1196 454 1278 alia,¹
466 1221 533 1284 qrcce
554 1201 587 1263 oi
606 1200 708 1284 atligi
728 1220 789 1262 non
804 1209 944 1283 possunt,
958 1196 1074 1279 fauore
1095 1220 1132 1263 aa
1153 1198 1359 1261 benevolentia
1379 1208 1404 1249 ἰ

287 1289 537 1369 complectentem.
588 1285 742 1361 Videbam,
758 1306 850 1367 queam
873 1287 966 1366 inpar
988 1295 1061 1348 esset
1080 1305 1157 1362 cors,
1170 1286 1191 1317 ⁴‘
1202 1305 1292 1367 quum
1305 1282 1359 1345 ille

286 1372 373 1436 nobis
386 1374 534 1451 bellunm,
549 1394 600 1435 nos
613 1373 644 1435 ei
656 1391 791 1435 semrom
811 1392 919 1452 pacem
935 1372 1145 1452 prastarctis,·
1177 1389 1358 1453 qrcamqnam

287 1457 363 1521 milti
388 1460 508 1541 quidem
530 1479 590 1521 non
604 1478 733 1540 parare,
761 1458 814 1518 sed
833 1478 941 1540 gerere
959 1476 1040 1537 pene
1060 1455 1167 1518 bellum
1189 1456 1355 1519 videbatur.

288 1542 507 1623 “Abrupolim
519 1545 629 1605 socium
641 1552 734 1625 atque
744 1543 873 1605 amiciam
888 1550 1024 1618 aestuem,
1039 1562 1132 1625 reguo
1146 1541 1269 1623 cepidit.
1292 1539 1356 1601 Ar·

286 1636 417 1692 letarum
431 1628 584 1709 Illyrium,
600 1627 672 1710 quia
694 1630 808 1709 scranto
823 1627 863 1690 ab
884 1648 920 1690 eo
941 1630 1078 1710 quadam
1099 1627 1184 1690 vobis
1204 1625 1356 1707 comperit,

288 1716 401 1777 socium
426 1714 497 1776 item
522 1722 614 1794 atque
636 1713 764 1775 amicum
785 1722 923 1791 vestirem,
946 1709 1107 1792 interfecit.
1155 1712 1356 1775 ‘'Euersam''

283 1809 320 1864 et
336 1800 533 1865 Callicritum
554 1798 720 1873 liehanos,
737 1797 893 1879 principes
905 1799 1049 1875 ciuitatis,
1064 1800 1139 1880 quia
1160 1796 1286 1859 liberius
1299 1795 1357 1857 ad·

289 1905 389 1948 uerucs
410 1906 475 1947 eum
496 1884 529 1946 in
549 1882 674 1946 concilio
688 1883 864 1945 Boeotorum
885 1883 976 1945 locuti
988 1878 1131 1961 fuerant,
1147 1884 1358 1963 delaturosque

219 2040 224 2048 ‚
289 1969 334 2030 ad
354 1989 414 2044 aas,
430 1990 495 2050 orca
516 1977 689 2052 agerentur,
699 1966 832 2048 professi
846 1978 943 2042 mant,
959 1968 1107 2029 tollendos
1121 1966 1249 2030 intrauit.
1292 1967 1356 2029 Aa·

284 2051 397 2114 ailiam
417 2054 581 2132 Byzantiis
595 2055 738 2115 adversus
739 2054 850 2135 foedus
858 2053 941 2128 tulit,
957 2053 1128 2132 ⁴⁷Dolopia
1142 2050 1221 2112 bella
1237 2051 1354 2126 intulit,

294 2137 484 2200 Thessaliam
495 2146 526 2198 et
538 2138 687 2201 Doridem
703 2157 767 2199 mm
781 2138 913 2199 exercitu
919 2137 1069 2218 pervasit,
1082 2144 1114 2196 ut
1129 2136 1161 2196 in
1169 2134 1246 2196 bello
1261 2137 1356 2198 intes·

290 2223 357 2285 lino
371 2221 528 2285 deterioris
536 2223 641 2304 partis
654 2223 774 2285 aucilia
788 2222 944 2284 meliorem
957 2221 1126 2308 adfligeret.
1165 2218 1313 2302 Consedit
1327 2229 1358 2283 et

286 2306 406 2371 mimuit
418 2308 521 2369 omnia
535 2308 567 2370 in
586 2308 747 2371 'llussolia
763 2306 1002 2389 Perrhaebiaque
1014 2326 1067 2385 spe
1080 2325 1220 2367 nonancm
1236 2303 1355 2367 tabula·

286 2407 365 2473 turn,
389 2403 425 2456 ut
449 2413 539 2456 mauu
558 2394 725 2468 debitorum
751 2395 882 2456 obnoxia
908 2393 966 2455 eibi
985 2392 1142 2472 optimates
1163 2390 1354 2471 obprimeret.

286 2479 371 2544 Hac
383 2501 472 2563 quum
487 2479 568 2542 uobis
581 2479 801 2562 marcentibus
814 2488 844 2541 ct
851 2477 1044 2559 patientibus
1051 2477 1179 2559 fecerit
1196 2485 1225 2538 et
1239 2495 1355 2539 conces·

286 2585 353 2628 sam
374 2564 432 2628 sihi
449 2566 600 2625 Graeciam
622 2585 685 2626 esse
701 2585 722 2626 a
744 2564 824 2624 nobis
844 2553 948 2624 videat
957 2595 969 2632 ,·
999 2582 1057 2641 pro
1078 2570 1160 2624 certo
1176 2560 1274 2636 habet,
1297 2582 1353 2623 ne·

288 2649 397 2710 minem
425 2646 496 2722 sibi,
522 2654 683 2725 antequam
713 2645 747 2706 in
775 2644 903 2706 Italiam
932 2644 1092 2728 trajecerit,
1121 2654 1272 2709 armatum
1301 2639 1354 2708 ab·
1433 2654 1444 2677 ·

288 2750 452 2793 cursianum.
507 2729 581 2789 Hoc
602 2749 692 2809 quam
720 2727 804 2791 vobis
835 2738 935 2792 tutum
964 2741 1019 2793 aut
1040 2732 1193 2794 honestum
1219 2731 1271 2804 sit,
1301 2751 1354 2795 uos

215 2853 217 2857 >
287 2814 443 2879 videritis:
466 2832 521 2896 ego
534 2820 611 2874 cerie
624 2812 705 2874 milri
716 2821 807 2894 turpe
818 2807 882 2877 'esse
895 2817 980 2891 dani,
994 2818 1081 2896 prius
1101 2818 1216 2880 Persea
1230 2817 1273 2878 ad
1292 2815 1354 2878 hel-

287 2899 350 2962 lam
364 2899 562 2983 inferendam,
576 2918 666 2980 quam
677 2918 723 2960 me
735 2900 847 2961 socium
861 2901 905 2962 ad
912 2904 1147 2982 predicendum,
1156 2911 1190 2963 ut
1200 2900 1355 2978 careretis,

288 2985 394 3049 uenire
408 2986 442 3047 in
452 2983 592 3047 Italiam.
636 2983 773 3045 Functus
786 2987 952 3048 necessario
965 2988 1042 3049 milei
1055 2984 1164 3071 ruricio,
1182 2995 1212 3048 et
1225 2988 1355 3068 quodam

289 3073 378 3135 modo
391 3070 525 3133 liberata
540 3077 630 3151 atque
644 3080 806 3132 exonerata
808 3072 881 3151 fide
893 3093 973 3147 mea,
989 3072 1063 3155 quid
1076 3072 1273 3155 ultrafacere
1281 3091 1356 3154 pos-

286 3179 363 3235 sum,
378 3177 468 3242 quam
482 3153 529 3215 ull
542 3155 628 3216 Deos
641 3154 787 3237 Deosque
802 3176 921 3236 precer,
943 3167 977 3219 ut
989 3179 1040 3221 vos
1054 3166 1082 3219 ei
1096 3167 1201 3220 vestra
1214 3156 1340 3238 reipubl

287 3262 342 3388 Ze,
359 3250 387 3302 et
401 3239 486 3302 nobie
499 3239 590 3302 sociis
610 3248 701 3322 atque
715 3240 831 3317 amicis,
847 3243 901 3325 qui
914 3264 952 3305 en
964 3243 1045 3305 nobis
1058 3244 1233 3324 pendemus,
1248 3261 1355 3306 canuc-
1456 3285 1458 3301 .

321 3328 391 3389 iis?
1163 3325 1164 3328 ’

491 3415 511 3443 ¹¹¹
521 3414 575 3459 add.
586 3411 704 3480 [pararct]
714 3411 782 3459 Creu.
944 3418 958 3446 ¹²
967 3413 1081 3460 Everoam
1092 3413 1153 3460 Eud.

321 3523 355 3573 u
371 3524 449 3580 Qumis
464 3525 502 3573 tue
518 3526 579 3572 vomi
598 3526 680 3572 bellam
694 3526 804 3589 pararet]
837 3528 863 3573 in
882 3528 912 3573 iis
931 3542 987 3588 qua
1005 3529 1147 3574 exciderunt
1162 3528 1193 3574 de
1209 3528 1271 3575 libro
1282 3528 1353 3578 XLI.

289 3587 400 3636 Verbum
407 3594 503 3650 pararet
518 3587 806 3652 adjeaitGronovioauc·
838 3592 884 3638 Illo
908 3593 974 3637 enim
995 3592 1057 3637 hbro
1078 3592 1148 3637 initia
1168 3594 1355 3642 oontinebantur

290 3659 342 3700 tore
363 3653 479 3701 Clericus.
520 3654 572 3700 Nec
594 3653 722 3708 dubitabit,
745 3656 805 3714 quin
837 3655 1065 3710 bessiMacedonici,
1086 3662 1114 3702 ut
1131 3659 1354 3718 constatexepito-

289 3716 420 3764 Licinum
427 3719 607 3779 mripserlt‚qui
618 3718 805 3778 calogeritquoe
837 3732 884 3764 me.
910 3719 1356 3786 Abmpolimsapensiumragemffia·

288 3787 439 3842 sequunturc
467 3796 597 3842 marronam
624 3781 683 3827 milri
714 3781 806 3840 quidem
837 3785 907 3842 paics
917 3781 1027 3830 Thracia
1038 3784 1356 3845 regioesi)fuisse,e1³au-

289 3859 335 3892 uon
342 3859 437 3905 parare,
456 3845 495 3891 rcd
506 3859 589 3906 gerere
602 3859 662 3905 pene
678 3844 760 3890 bellum
771 3846 806 3890 ui·
838 3847 912 3893 sanim
923 3855 1036 3907 corrupto
1054 3849 1111 3894 licet
1129 3854 1197 3893 textu
1215 3851 1316 3904 eruitur,
1328 3851 1356 3896 in

288 3910 389 3957 debatur.
421 3907 466 3954 Est
476 3910 542 3955 enim
554 3908 677 3964 coneetio,
690 3913 807 3967 tanquam
838 3912 959 3966 Achaicis,
971 3913 1021 3958 rive
1031 3911 1093 3959 libro
1101 3911 1161 3957 vll.

290 3975 372 4020 nunus
382 3973 661 4033 quammoetdixieset.
693 3971 807 4030 Oportuit
870 3974 903 4020 46
917 3970 1044 4038 mecam]
1065 3976 1104 4023 Ita
1124 3976 1254 4035 legendum
1273 3982 1357 4024 censet

289 4037 365 4100 igitur
376 4035 449 4083 etium
461 4049 518 4082 erun
529 4037 618 4081 dixisse
626 4036 690 4095 quod
701 4035 805 4096 corrigit.
841 4036 916 4085 Henr.
932 4038 1054 4096 Valesius,
1072 4054 1121 4087 non
1140 4039 1270 4087 Boermms
1297 4042 1357 4101 quui·

321 4100 354 4146 45
369 4099 506 4161 Abrupolim
524 4100 621 4161 Mum]
642 4097 703 4151 Quae
721 4097 761 4144 hic
780 4104 806 4145 et
837 4101 899 4147 illud
920 4104 1034 4151 Graecum
1058 4117 1147 4150 nomen
1168 4112 1214 4162 est,
1236 4107 1283 4151 hoc
1304 4117 1355 4150 non

289 4161 355 4208 inim
364 4178 385 4208 c.
397 4163 435 4209 40.
448 4164 585 4210 indicantur
595 4164 625 4209 de
636 4161 763 4220 Abrupoli,
775 4163 806 4208 de
838 4164 904 4210 item.

290 4225 412 4278 uncam,
423 4227 454 4271 ae
466 4226 566 4281 uvam.
586 4232 611 4272 o
625 4225 755 4278 casseaco.
767 4228 806 4273 cu·
870 4227 901 4274 cr
917 4231 1021 4292 mapa
1036 4229 1091 4277 utu
1108 4231 1200 4295 sorau]
1218 4231 1282 4292 Lege
1299 4221 1362 4278 cum‘

288 4286 341 4334 nius
350 4296 527 4336 memoraverat
537 4291 619 4350 procul
636 4289 710 4338 dubio
721 4288 806 4338 Livius
836 4292 959 4341 Gronorio
969 4295 1057 4342 bellum
