2942 4750
429 493 877 602 FRAGMENTA
912 493 1071 600 DUO
1107 494 1286 599 LIVII

304 710 308 719 '
373 690 410 719 ²
643 734 1047 819 uuc1onnonu.
1427 734 1461 857 ξ

668 991 672 999 ⁴
756 943 956 981 a

1439 1050 1449 1095 l

568 1101 623 1163 Er
635 1100 749 1165 Seneca
758 1110 863 1182 patre,
881 1098 1028 1162 &omia
1042 1107 1139 1162 sesto.

308 1180 383 1280 Μ.
407 1213 589 1292 CICERO,
611 1216 671 1281 sub
692 1217 861 1279 adventum
885 1214 1144 1278 Triumvirorum
1162 1226 1298 1279 cesserat
1313 1214 1405 1297 arbe,

304 1304 367 1384 'pro
381 1311 468 1362 certo
484 1300 613 1378 habens,
628 1302 661 1365 id
677 1300 763 1385 quod
782 1315 860 1381 erat,
883 1320 949 1363 non
971 1299 1072 1448 mspis
1096 1302 1235 1364 Antonio
1255 1301 1339 1387 eripi
1360 1325 1405 1379 se,

305 1406 403 1532 poam
415 1384 536 1449 Coesari
547 1387 694 1451 Cassium
704 1402 735 1450 et
748 1386 895 1463 Brutum,
905 1396 1006 1470 posse.
1049 1386 1128 1449 rimo
1136 1386 1170 1448 in
1180 1385 1407 1450 Tusculanum

321 1483 399 1556 ugit,
418 1470 492 1533 inde
506 1472 690 1536 transversis
705 1473 870 1535 itineribus
886 1473 919 1533 iu
937 1470 1154 1546 Formianum,
1174 1485 1214 1541 ut
1234 1470 1276 1534 ab
1292 1472 1407 1557 Cajeta

307 1555 416 1619 navim
436 1577 677 1634 conscensurus,
693 1556 914 1640 proficiscitur.
960 1554 1058 1620 Unde
1072 1556 1237 1641 aliquoties
1252 1557 1286 1619 in
1301 1560 1406 1621 altum

307 1652 504 1724 provectum,
521 1664 619 1728 quum
640 1643 735 1707 modo
758 1643 842 1706 venti
863 1641 987 1705 adversi
1008 1641 1196 1717 retulissent,
1218 1643 1315 1705 ruodo
1336 1643 1406 1726 ipoe

302 1726 510 1811 jactationem
525 1729 624 1805 navis,
640 1750 727 1793 cceco
749 1730 894 1791 volvente
913 1727 1023 1803 fluctu,
1046 1727 1114 1812 pati
1135 1747 1199 1788 non
1215 1738 1331 1810 posset,
1347 1742 1405 1791 tae·

306 1810 398 1874 diurn
412 1812 540 1877 tandem
553 1836 625 1877 eum
640 1829 672 1878 et
684 1813 770 1899 fugae
792 1827 823 1877 et
837 1812 912 1876 vitae
933 1834 969 1875 ce
994 1811 1035 1875 it:
1060 1833 1281 1897 regressusque
1295 1813 1336 1877 acl
1351 1835 1404 1877 su·

352 1897 467 1959 riorem
485 1898 599 1976 villani,
616 1921 688 1983 quae
702 1898 799 1984 paulo
819 1898 891 1983 plus
914 1833 1000 1961 milii
1018 1897 1161 1982 passibus
1175 1922 1193 1960 a
1208 1898 1288 1961 mari
1304 1898 1405 1976 abar,

248 1982 253 1989 '
352 1983 448 2055 orior,
466 1983 579 2065 inquit,
596 1987 630 2047 in
645 1985 758 2065 patrio
778 2006 793 2046 s
840 1992 1010 2047 cremato.
1056 1983 1139 2048 Satis
1161 1997 1285 2048 constat
1299 2006 1406 2049 servos

301 2060 433 2128 fortiter
454 2063 650 2153 fideliterque
663 2004 898 2152 paratos‘ffiisse
912 2068 952 2131 ad
973 2066 1208 2134 dimicandum:
1229 2070 1335 2153 ipsum
1348 2069 1406 2134 de·

308 2148 387 2300 poni
398 2151 554 2229 lecticam,
568 2166 599 2217 et
609 2154 732 2238 quietos
742 2156 817 2238 pati,
830 2152 915 2240 quod
927 2175 994 2217 sors
1003 2156 1112 2240 iniqua
1120 2169 1260 2241 cogeret,
1265 2156 1406 2240 jussisse.

217 2282 231 2299 .
341 2234 510 2301 rominenti
526 2260 567 2301 ex
582 2238 701 2317 lectica,
718 2239 937 2324 praebentique
951 2241 1115 2305 immotam
1129 2241 1292 2316 cervicem,
1310 2254 1407 2326 caput

303 2319 476 2405 'precisum
492 2334 550 2388 est.
595 2323 664 2389 Nec
679 2325 753 2391 satis
767 2324 889 2390 stolidae
902 2327 1078 2391 crudelitati
1094 2325 1229 2392 rnilitum
1239 2325 1316 2391 fuit:
1338 2348 1406 2393 ma·

308 2427 370 2470 nus
385 2413 522 2494 quoque,
538 2411 697 2495 scripsisse
706 2413 742 2474 in
754 2414 928 2476 Antonium
941 2412 1058 2499 aliquid
1070 2412 1310 2496 exprobrantes,
1321 2435 1406 2498 prae·

309 2492 467 2557 ciderunt.
511 2496 561 2559 lta
589 2496 725 2561 relatum
755 2512 852 2581 caput
880 2498 921 2560 ad
947 2501 1135 2577 Antonium,
1156 2498 1312 2583 jussuque
1338 2501 1406 2584 ejus

302 2576 393 2641 ‘iuter
407 2577 485 2642 duas
501 2602 612 2645 manus
626 2584 659 2646 in
677 2582 803 2647 Rostris
818 2584 968 2666 positum,
982 2584 1036 2647 ubi
1051 2584 1105 2647 ille
1115 2582 1237 2663 consul,
1250 2584 1305 2647 ubi
1321 2607 1406 2670 sepe

308 2662 493 2742 consularis,
510 2665 565 2730 ubi
580 2689 619 2730 eo
633 2668 703 2752 ipso
718 2690 804 2731 anno
818 2667 968 2732 adversus
983 2670 1172 2746 Antonium,
1181 2681 1302 2754 quanta
1317 2670 1407 2733 nulla

310 2769 449 2833 unquam
473 2752 613 2816 humana
636 2775 700 2816 vox
720 2774 795 2818 cum
816 2753 1028 2818 admiratione
1048 2753 1249 2839 eloquentiae,
1275 2755 1406 2820 auditus

308 2831 424 2899 fuerat.
469 2835 534 2899 Vix
559 2838 737 2902 attollentes
762 2840 937 2926 llacrymis
962 2839 1071 2906 oculos
1099 2840 1256 2918 homines,
1286 2842 1407 2907 intueri

150 2929 165 2958 ·
173 2930 279 2976 umor.
310 2916 467 2984 trucidata
480 2923 623 2985 membra
636 2924 702 3010 ejus
713 2934 876 3009 mterant.

147 2994 267 3117 m

737 3153 969 3236 IBIDEM.

306 3281 470 3392 V1x1'r
484 3339 546 3392 tres
561 3340 593 3391 et
601 3329 765 3416 sexaginta
776 3350 889 3393 anuos:
915 3340 959 3405 ut,
972 3327 998 3391 si
1008 3327 1055 3390 vis
1065 3326 1223 3405 abfuisset,
1234 3349 1277 3391 ne
1287 3327 1405 3393 imma·

307 3428 381 3481 turo
391 3412 520 3498 quidem
528 3415 723 3479 morsuideri
731 3416 839 3500 possit.
884 3414 922 3478 ln
965 3414 1402 3501 niumetoperibuactprae·

307 3502 379 3564 miir
393 3519 524 3582 operum
539 3498 627 3566 felix.
672 3501 746 3586 Ipse
763 3504 901 3564 fortunae
922 3436 979 3562 diu
1000 3520 1169 3583 prosperae,
1192 3500 1281 3563 etin
1304 3498 1406 3600 longo

307 3598 418 3650 tenore
439 3581 607 3663 felicitatis,
634 3587 759 3670 magnis
786 3586 913 3649 interim
943 3585 1026 3648 ictus
1055 3584 1246 3660 vulneribus,
1277 3586 1405 3664 exsilio,

307 3673 398 3738 ruina
412 3669 551 3755 partium
565 3693 626 3757 pro
641 3672 757 3758 quibus
771 3685 909 3748 steterat,
925 3671 999 3734 filiae
1014 3684 1126 3748 morto,
1142 3671 1308 3734 exituram
1322 3672 1407 3737 tristi

307 3770 403 3859 atque
417 3758 542 3834 acerbo,
558 3757 701 3822 omniurn
716 3759 920 3822 adversorum
936 3756 1027 3833 nihil,
1043 3767 1080 3820 ut
1094 3755 1309 3844 virodignurn
1325 3774 1408 3836 erar,

305 3844 388 3921 tulit,
412 3853 529 3926 praeter
550 3858 706 3908 mortem:
741 3866 825 3930 quae,
849 3864 920 3905 vere
941 3842 1120 3918 aestimanti,
1141 3842 1246 3905 minus
1267 3842 1409 3929 indigna

305 3929 406 3993 videri
421 3928 534 4013 potuit,
551 3930 635 4013 quod
650 3952 670 3992 a
683 3929 803 3993 victore
818 3929 947 3991 inimico
967 3927 1048 3991 nihil
1067 3926 1226 3990 crudelius
1248 3949 1409 4011 passurus

304 4027 382 4092 erat,
399 4034 495 4100 quam
517 4017 602 4115 quod
623 4013 763 4100 ejusdem
786 4012 923 4077 fortunae
945 4034 1075 4096 compos
1097 4014 1164 4098 ipse
1184 4013 1319 4078 fecisset.
1371 4016 1409 4082 si

304 4102 374 4184 quis
389 4109 493 4163 tamen
510 4099 679 4164 virtutibus
694 4101 770 4164 vitia
787 4099 937 4184 pulsarit,
953 4098 1003 4162 vir
1017 4121 1067 4163 ma
1114 4122 1161 4177 us,
1177 4120 1260 4176 acer,
1276 4119 1410 4166 memo·

302 4181 497 4332 rabilipuluitt‚
508 4196 540 4249 et
553 4185 589 4250 in
602 4187 691 4272 cujus
705 4185 814 4251 laudes
828 4184 1061 4270 persequendas
1101 4187 1226 4256 icerone
1234 4184 1412 4253 laudatore

303 4286 382 4349 opus
430 4289 501 4335 err.
