2942 4750
423 201 755 273 LIBsxtvsc'AP.
776 213 891 272 XXXI.
1125 213 1179 272 20'1

121 387 237 458 portus
252 374 291 437 ad
307 373 458 437 Toronen
473 367 511 437 ac
523 385 663 437 montem
675 372 775 452 Atho,
786 374 946 456 (⁵'AEneae
958 382 1071 436 vocant
1083 373 1219 454 huncio.
1231 386 1258 432 c.
1269 383 1326 431 sas

123 460 181 522 alii
197 459 238 522 ad
253 459 384 521 insulam
408 459 573 533 Euboeam,
596 458 650 521 alii
671 458 712 521 ad
737 459 982 542 Hellespontum
1005 447 1326 540 opportunel·⁰·¹⁰⁷·

123 544 220 605 versi.
263 543 374 607 Tertia
396 544 483 626 regio
503 544 624 606 nobiles
641 546 744 618 urbes,
762 544 912 606 Edessam
936 555 967 605 et
991 543 1138 605 Beroeam
1153 553 1185 606 et

127 627 263 708 Pellam,
288 625 401 706 babet,¹
417 643 450 691 et
474 627 655 690 Vettiorum
683 627 862 694 bellicosam
893 643 1038 713 gentem:
1069 626 1186 689 incolas

151 735 255 797 noque
282 712 454 795 permultos
484 711 595 774 Gallos
623 724 656 774 et
691 712 825 791 Illyrios,
862 713 1003 794 inpigros
1039 711 1185 776 cultores.

125 735 284 872 Quartam
300 798 460 882 regionem
479 795 606 858 Eordaei
621 809 653 858 et
667 796 834 879 Lyncestae
855 811 887 859 et
910 797 1082 881 Pelagones
1098 797 1188 859 inco·

126 880 216 944 lunt:
247 883 358 965 juncta
381 881 431 945 his
457 881 633 956 Atintania,
654 894 686 942 et
706 881 937 965 ”Stymphalis
962 897 993 942 et
1021 881 1185 944 Elimiotis.

125 964 242 1051 frigida
255 967 324 1028 haec
335 968 447 1042 omnis,
463 964 606 1047 duraque
620 965 717 1035 cultu,
738 982 770 1028 et
792 989 904 1048 aspera
917 966 1009 1048 plaga
1029 981 1097 1028 est:
1117 965 1189 1029 cul-

126 1061 236 1122 torum
274 1073 376 1135 unque
392 1051 517 1132 ingenia
532 1062 625 1112 tercae
648 1050 761 1114 similia
782 1052 886 1132 liabet.
908 1053 1073 1113 l'erociores
1088 1072 1141 1112 eos
1155 1062 1190 1113 et

126 1074 390 1198 adcotoelsarbari
405 1134 541 1207 faciunt3
564 1156 649 1197 nunc
664 1134 748 1197 bello
762 1149 952 1209 exercentes,
969 1157 1052 1198 nunc
1062 1135 1094 1196 in
1111 1156 1191 1215 pace

127 1220 294 1284 miscentes
318 1220 397 1282 ritus
424 1242 506 1283 suos.
549 1219 670 1282 Divisae
697 1219 801 1303 itaque
829 1219 1025 1282 Macedoniae
1048 1219 1189 1301 partium

130 1305 239 1368 usibus
254 1305 414 1388 separatis,
430 1308 573 1389 “quanta
587 1306 748 1366 universos
769 1318 874 1367 teneat
896 1302 1099 1378 Macedonas,
1123 1305 1190 1367 for-

130 1388 217 1452 ntnla
232 1389 328 1466 dicta,
344 1392 469 1472 “quum
486 1388 570 1472 leges
585 1410 710 1471 quoque
725 1411 757 1449 se
772 1388 919 1454 daturum
935 1389 1130 1452 ostendisset.

174 1473 310 1537 XXXl.
333 1473 437 1537 AEtoti
460 1473 575 1536 deinde
598 1474 705 1535 citati:
740 1473 771 1534 in
794 1495 856 1556 qua
876 1473 1056 1557 cognitione
1076 1474 1318 1556 magisteriatum

129 1571 203 1622 utra
224 1580 297 1641 pars
321 1559 486 1633 Romanis,
503 1570 572 1621 utra
593 1557 659 1640 regi
679 1557 813 1633 favisset,
829 1573 993 1642 quaesitum
1016 1573 1071 1633 est,
1092 1550 1224 1643 ‹pstatrt‘le
1234 1548 1330 1599 Μ*

131 1645 196 1706 utri
210 1643 353 1707 fecissent
376 1643 535 1726 injuriam,
559 1655 613 1705 aut
634 1642 832 1724 accepissent.
879 1643 972 1705 Noxa
994 1643 1118 1705 liberati
1141 1645 1188 1705 in·

129 1727 331 1791 terfectores:
355 1728 501 1790 exsilium
523 1727 621 1810 pulsis
635 1749 726 1811 aeque
741 1742 842 1790 ratum
858 1726 927 1804 fuit,
943 1750 978 1789 oc
996 1750 1078 1788 mors
1093 1729 1190 1788 inter·

129 1810 230 1876 fectis.
275 1816 314 1876 Α.
333 1814 460 1877 Baebius
476 1834 557 1875 unus
570 1823 618 1874 est
637 1811 815 1891 damnatus,
837 1813 922 1896 quod
939 1812 1052 1874 milites
1071 1811 1190 1873 Roma-

131 1919 192 1959 nos
208 1897 391 1979 praebuisset
412 1897 452 1961 ad
476 1897 683 1960 ministerium
705 1899 810 1961 credis.
858 1898 920 1961 llic
941 1909 1072 1960 eventus
1095 1894 1190 1958 AEto-

128 1981 245 2057 lorum,
261 2004 378 2046 caussoe
395 1982 426 2044 in
442 1983 587 2046 omnibus
608 1985 743 2046 Gnecioe
765 1983 912 2065 gentibus
936 1982 1121 2066 populisque
1134 2002 1189 2042 eo·

131 2088 214 2144 rum,
230 2069 283 2153 qui
298 2069 396 2150 partis
413 2068 632 2132 Romanorum
648 2068 782 2143 fuerant,
807 2069 925 2131 inflavit
945 2069 983 2130 ad
1007 2065 1336 2129 insolenti-smnus

130 2151 195 2213 lem
210 2152 389 2234 superbiam
411 2155 553 2228 animos;
576 2166 609 2214 ct
624 2153 781 2218 obnoxios
801 2154 933 2234 pedibus
955 2175 1066 2214 eorum
1086 2135 1329 2256 salpe-2⁰:¹30-

129 2236 183 2311 cit,
200 2259 279 2318 quos
294 2237 397 2320 aliqua
418 2251 507 2316 parte
528 2237 666 2316 suspicio
686 2235 853 2302 favorisin
878 2257 983 2318 regem
1002 2239 1187 2316 contigerat.
1196 2261 1279 2306 tenuo
1289 2273 1332 2305 ω.

129 2319 214 2384 Tria
227 2340 344 2404 genera
358 2319 538 2400 principum
553 2318 587 2379 in
609 2318 785 2379 civitatibus
804 2330 912 2379 erant:
936 2319 1008 2392 duo,
1025 2341 1097 2399 quie
1112 2319 1285 2383 adu-robis

132 2403 234 2465 lando
259 2414 314 2464 aut
338 2403 556 2463 Romanorum
587 2401 765 2479 imperium,
790 2412 846 2461 aut
873 2402 1040 2460 amicitiam
1071 2422 1191 2483 regum,

130 2486 194 2555 sibi
217 2485 363 2571 privatim
386 2504 461 2565 opes
483 2484 638 2565 obpressis
660 2483 813 2544 faciebant
834 2482 1030 2547 civitatibusz
1054 2485 1193 2547 medium

131 2592 248 2649 unum,
264 2570 389 2652 utrique
401 2568 511 2652 generi
531 2567 707 2640 adversum,
728 2566 902 2631 libertatem
926 2581 957 2630 et
979 2567 1061 2653 leges
1084 2568 1193 2632 tueba-

55 2712 65 2737 ,
133 2670 199 2719 tur.
244 2655 308 2718 His
323 2668 363 2733 ut
377 2655 478 2737 major
498 2651 584 2736 apud
606 2674 677 2714 suos
699 2653 821 2723 caritas,
838 2653 882 2714 ita
904 2653 1008 2715 minor
1030 2653 1115 2736 apud
1136 2675 1192 2717 ex·

132 2754 242 2807 ternos
256 2741 357 2821 gratia
372 2753 449 2803 erat.
495 2737 648 2802 Secundis
667 2741 756 2799 rebus
771 2737 842 2799 elati
862 2738 1078 2805 Romanorum
1093 2739 1190 2821 partia

85 2865 96 2881 ·
129 2826 199 2908 ejus
217 2824 365 2903 fautores,
381 2825 521 2887 solitum
543 2824 576 2886 in
598 2823 839 2904 magistratibus,
854 2823 911 2893 soll
934 2823 967 2885 in
983 2822 1191 2909 legationibus

126 2922 234 2974 erant.
282 2910 326 2974 Hi
342 2931 439 2992 quum
454 2909 631 2991 frequentes
646 2919 678 2970 et
692 2929 732 2970 ex
750 2909 978 2990 Peloponneso,
994 2924 1026 2970 et
1041 2930 1081 2971 ex
1096 2909 1191 2973 Βαο-
1263 2922 1266 2927 “

132 2995 190 3071 tia,
217 3007 249 3059 et
273 3016 313 3058 ex
337 2994 405 3057 aliis
431 2994 566 3058 Graeciae
587 2993 726 3055 conciliis
748 2992 900 3068 adessent,
925 2993 1081 3075 inplevere
1100 3014 1193 3059 aures

131 3081 242 3142 decem
267 3082 457 3160 legatorum:
486 3079 556 3142 Noa
579 3100 627 3140 eos
651 3088 781 3152 tantum,
802 3080 855 3159 qui
879 3100 911 3141 se
928 3079 1091 3157 propalam
1114 3079 1193 3158 “per

131 3165 301 3231 vanitatem
304 3164 485 3244 jactassent,
507 3172 656 3243 tanaquam
678 3162 804 3241 hospites
824 3171 855 3224 et
875 3165 985 3223 amicos
1009 3163 1125 3236 Persei,
1140 3165 1195 3225 sed

4 3292 12 3318 .
42 3284 55 3301 ·
132 3251 342 3330 multoplures
356 3251 435 3310 alios
449 3270 486 3309 ea
500 3247 893 3328 occudosaoissepeliqaos
904 3247 1095 3326 perspectent
1111 3254 1195 3310 tum-

133 3335 185 3401 ‹lae
197 3333 347 3396 libertatis
361 3335 395 3394 in
409 3332 544 3394 conciliis
558 3332 700 3393 adversus
720 3332 874 3393 Romam
893 3333 994 3392 omnia
1009 3331 1193 3397 tornense.

132 3438 188 3479 aec
202 3419 294 3480 aliter
307 3438 359 3481 eos
374 3436 535 3479 mansuras
549 3415 654 3498 infide
664 3425 778 3499 gentes,
794 3416 865 3490 nisi,
870 3415 992 3497 fractis
1003 3416 1110 3483 animis
1117 3437 1194 3499 por·

169 3669 200 3716 52
222 3670 302 3715 AEacoe
329 3673 408 3714 mount
428 3669 500 3731 dunc]
522 3668 603 3720 Hunc,
624 3668 651 3712 id
682 3667 752 3712 ἅοπαε
766 3666 871 3728 ,Μαῖα
891 3667 964 3714 dicta.-
982 3668 1029 3716 'id
1050 3677 1095 3724 est,
1117 3671 1196 3719 sumta

131 3740 182 3785 est.
199 3741 296 3791 mnum
315 3734 346 3778 ad
361 3740 469 3778 montem
484 3732 651 3784 Athanatum
683 3732 808 3791 quaedam,
822 3733 945 3791 regiminb
972 3736 1111 3793 praecripta
1139 3734 1195 3787 nat.

133 3795 332 3855 AEnroeportum.
683 3807 757 3852 quam
766 3807 816 3839 non
832 3795 885 3841 haec
901 3798 943 3841 aut
957 3797 998 3841 tlta
1014 3810 1069 3855 pers
1084 3796 1197 3839 Macedo·

144 3902 148 3909 ,
169 3859 202 3905 53
217 3858 371 3919 Styrnptlatisl
389 3859 477 3904 Probat
494 3858 578 3903 cellar.
590 3856 652 3901 Geo-
684 3857 740 3907 nia.
752 3859 794 3903 sed
805 3859 909 3904 universi
926 3860 1070 3905 Macedones
1085 3852 1199 3916 sequtja-

132 3923 220 3981 ξηρὴ.
231 3924 290 3967 Ant.
301 3922 318 3969 1.
331 3922 396 3969 lto
409 3922 446 3968 ts
458 3922 652 3979 legendumne
683 3923 802 3966 berenmr.
862 3920 866 3925 ’

133 3985 284 4044 Stmdreia
304 3987 342 4030 vel
362 3985 509 4042 Stympdoeac
526 3981 595 4044 eujus
614 3984 651 4027 in·
713 3984 747 4029 55
762 3985 776 4010 ⁶
789 3984 936 4045 Quamteges
952 3981 1048 4043 monac]
1068 3982 1148 4037 Atque
1162 3986 1199 4026 et·

134 4048 196 4093 cola
212 4049 349 4107 Stpmptoet,
360 4050 403 4106 qui
418 4048 492 4092 iidem
506 4061 521 4092 a
537 4048 653 4092 Strabone
683 4049 731 4093 ism
744 4059 770 4092 se
785 4050 850 4109 teges
865 4050 895 4093 iis
910 4050 1025 4093 daturum
1036 4042 1145 4102 promisit
1156 4044 1199 4089 Ε·

90 4118 95 4129 ·
135 4112 244 4171 ‘suppia
255 4113 414 4171 appellantur.
684 4111 781 4157 miliuss
799 4114 863 4171 quod
874 4120 898 4156 et
913 4121 995 4155 msera
1011 4110 1137 4153 exsecutus
1147 4119 1199 4154 este

170 4175 203 4221 54
220 4175 312 4229 Quanta
337 4175 452 4220 astam
478 4176 552 4219 team
571 4171 653 4218 Muce-
684 4182 841 4227 memoratur.
852 4174 946 4219 mnae.
958 4171 998 4217 82.

133 4236 218 4298 doum}
232 4239 286 4283 Hoc
299 4245 439 4297 comptum
455 4244 499 4283 est.
533 4237 654 4283 Emmmt
716 4237 748 4283 66
765 4237 837 4282 'Per
857 4229 993 4297 mdabat]
1014 4231 1061 4281 Per
1078 4235 1200 4283 motuni-

133 4299 264 4361 Stgouiuss
281 4313 331 4364 quc
346 4302 461 4350 mm
478 4305 562 4351 teneret
572 4299 654 4350 tttaoe·
684 4305 738 4348 tam
748 4300 879 4357 levitatem·
