2942 4750
253 174 301 234 cui
659 168 929 231 arranmx

225 336 610 417 ⁴aedictumreprendere,
680 334 889 397 'odeniosses
909 327 1268 415 nngrdipondols'dras,
1286 329 1354 429 ff
1436 311 1440 330 ⁸

254 423 371 487 ciebctrt
389 422 556 498 darem,
570 420 611 483 ab
627 354 685 483 ddd
695 419 762 501 ipso
781 437 905 481 marem
923 416 1043 479 dictam
1087 413 1176 479 Hinc
1195 428 1354 479 evertitur
1432 439 1440 467 τ

256 507 366 591 opinio
382 503 520 580 Kusteri,
537 503 590 587 qai
603 525 700 588 grave
714 524 757 567 aes
772 501 812 566 de
826 521 1016 601 quocunque
1026 515 1091 564 aere
1105 499 1353 584 intelligendum

255 602 359 677 putat,
381 603 448 655 tam
468 589 659 655 sextantario
677 602 709 652 ot
726 587 853 665 unciali,
874 608 970 673 quam
990 584 1118 649 librali:
1140 587 1231 670 quasi
1245 585 1279 649 iu
1296 585 1355 648 illa

256 676 466 764 appellatione
485 696 527 738 aes
548 687 725 738 sumeretur
740 694 798 756 pro
820 693 962 748 nummo,
985 673 1029 735 ita
1044 683 1082 734 ut
1091 694 1189 755 grone
1208 693 1252 735 oes
1269 684 1356 735 esset
1389 670 1398 690 ⁸

257 782 407 829 nummus
427 760 564 847 gravior,
579 770 731 859 argenteo
744 757 863 822 scilicet
883 778 1024 836 nummo,
1040 757 1095 840 qui
1110 757 1153 819 ou
1168 758 1270 841 majus
1283 779 1355 821 me·

257 848 325 916 alli
347 846 496 930 pretium,
519 845 651 911 minoris
674 843 847 909 necessario
868 841 1017 926 ponderis
1038 864 1106 905 esse
1124 840 1231 905 debet.
1277 843 1356 909 Hoc

258 943 484 1008 commentum,
502 931 590 993 cumi
612 942 754 993 veterum
777 929 963 993 auctoritate
984 926 1179 1003 destitutum,
1196 928 1263 990 imo
1276 933 1355 992 cum
1408 990 1417 1013 ,

259 1040 298 1082 ea
311 1030 419 1102 aperte
432 1037 588 1103 pugnans,
605 1014 718 1077 merito
731 1014 896 1096 explosum
912 1025 960 1077 cst
974 1035 994 1076 a
1010 1013 1187 1077 Perizonio.
1245 1066 1247 1071 ,

102 1120 165 1168 atra
173 1115 253 1178 grum
304 1109 347 1168 2⁰.
371 1103 461 1167 Patet
475 1100 577 1186 gravis
592 1100 664 1163 aeris
686 1098 931 1183 appellationem
946 1111 1014 1162 tum
1030 1111 1137 1162 natam
1156 1119 1231 1172 esse,
1253 1120 1355 1182 quum

101 1190 184 1231 “m
195 1193 239 1240 ⁸1³·
263 1210 346 1254 asses
363 1187 522 1251 imminuti
537 1197 620 1261 sant,
635 1195 672 1249 ut
685 1206 800 1269 nempe
812 1206 910 1271 grave
923 1207 967 1248 aes
980 1196 1196 1268 opponeretur
1215 1183 1290 1247 lruic
1307 1206 1357 1248 re-

101 1246 255 1370 ἓξὲξ
263 1272 347 1338 centi
368 1271 488 1335 leviori.
531 1273 638 1335 Antea
658 1270 742 1332 enim
765 1291 863 1353 quum
877 1270 972 1334 unius
987 1270 1111 1353 generis
1132 1292 1175 1333 aes
1189 1281 1278 1345 esset,
1295 1268 1358 1333 mi·

103 1375 255 1421 minumae-
264 1360 349 1424 nime
360 1379 488 1420 necesse
502 1368 569 1420 erat
581 1354 661 1419 illud
676 1355 782 1441 aliquo
791 1355 877 1418 velut
890 1355 1079 1442 cognomine
1090 1354 1245 1440 insigniri.
1293 1354 1360 1418 lta·

103 1450 148 1483 '⁶²
264 1466 328 1529 que
341 1442 375 1505 iu
390 1443 460 1532 lege
473 1443 529 1506 illa
542 1440 709 1505 duodecim
726 1439 916 1520 tabularum,
931 1462 1027 1527 quam
1048 1452 1204 1503 memorat
1219 1438 1357 1517 Gellius,

264 1529 289 1594 l.
312 1528 391 1593 XX.
413 1550 441 1591 c.
464 1538 494 1593 1.
514 1526 647 1614 legimus
661 1527 919 1611 vigintiquinque
932 1527 1004 1588 «πίε
1021 1546 1124 1607 poenae
1136 1535 1233 1588 nanto.
1280 1525 1359 1589 Nou

268 1615 395 1680 additur
405 1615 522 1697 gruum
535 1613 610 1699 quia
623 1626 700 1677 tunc
715 1610 904 1675 uniusmodi
919 1632 963 1673 oes
976 1623 1054 1687 erat,
1072 1632 1129 1673 nec
1143 1610 1279 1693 proinde
1293 1611 1361 1675 ulla

268 1712 393 1786 poterat
409 1720 474 1762 ease
495 1698 691 1785 ambiguitas.
737 1698 783 1762 At
803 1698 971 1844 scriptores
992 1695 1106 1760 laevsto
1126 1696 1199 1759 aeris
1217 1696 1361 1779 pondere

269 1785 469 1861 recentiores,
492 1780 598 1868 quales
613 1795 686 1846 sunt
699 1783 720 1845 ii
737 1803 845 1846 omnes
871 1804 924 1844 ere
937 1803 1073 1867 quorum
1097 1795 1305 1845 monumenta
1319 1781 1359 1845 ad

269 1891 328 1935 nos
342 1882 563 1954 pervenerunt,
579 1868 635 1932 nbi
648 1867 842 1952 loquendum
860 1865 920 1929 illis
934 1867 997 1930 fuit
1009 1867 1049 1930 de
1063 1867 1182 1930 assibus
1195 1867 1362 1931 libralibus

228 1985 231 1991 ·
270 1955 447 2038 antiquiore
459 1972 530 2017 reso
544 1953 675 2029 usitatis,
696 1951 938 2035 appeliationem
954 1954 1143 2035 erisgrasis
1157 1965 1360 2035 usurparunt,

269 2061 327 2122 per
337 2036 604 2121 comparationem
615 2037 656 2102 ad
671 2057 715 2102 ses
730 2036 829 2101 levius
838 2035 926 2122 quod
940 2059 999 2100 sno
1009 2049 1150 2120 tempore
1164 2038 1197 2101 in
1211 2038 1361 2103 manibus

254 2124 434 2193 ,hominum
449 2124 566 2187 versari
580 2123 740 2188 videbant.

108 2230 250 2288 Tuncque·
315 2218 359 2275 3⁰.
382 2205 516 2273 Constat
532 2209 627 2273 etiam
644 2222 716 2293 post
729 2209 913 2276 imminutos
933 2230 1026 2287 asses,
1042 2229 1180 2274 summas
1201 2210 1361 2274 nihilomi-

108 2305 333 2402 a¹¹0⁵¹¹¹¹¹¹¹¹3nus
347 2295 380 2358 in
396 2315 460 2359 mre
472 2295 562 2382 gravi
577 2296 732 2360 interdum
748 2307 916 2380 conceptas
927 2295 1034 2361 fuisse.
1077 2296 1363 2360 Testimoniorum

109 2370 241 2467 iffi&
275 2389 317 2449 1⁰.
359 2381 479 2461 Livius,
506 2381 623 2446 XXll.
644 2392 699 2447 38.
721 2394 754 2445 et
776 2382 933 2447 XXXII.
953 2390 1006 2447 36.
1029 2389 1095 2446 lum
1120 2383 1208 2446 locus
1234 2405 1253 2446 e
1275 2383 1363 2447 libris

110 2493 243 2545 concepta.
271 2466 377 2531 linteis
399 2467 585 2551 pontificum
609 2489 627 2529 a
651 2467 805 2534 Salmasio
826 2467 949 2547 allatus,
973 2470 1012 2532 de
1029 2471 1116 2532 neoda
1137 2489 1307 2545 warena,
1329 2491 1362 2553 p.

273 2560 346 2630 287.
370 2552 427 2615 ubi
448 2552 599 2617 dicuutur
619 2553 792 2616 AEtoloram
815 2555 926 2636 legatis
948 2554 1049 2617 lautia
1068 2555 1154 2628 dcta,
1176 2564 1207 2616 et
1225 2556 1363 2631 ducenta,

273 2638 337 2703 sive
351 2638 457 2721 potius
476 2637 553 2702 bina
573 2639 673 2702 millia
690 2641 764 2702 reris
781 2641 888 2723 groms
903 2640 937 2700 in
950 2640 1094 2722 singalas.
1140 2638 1223 2704 Cum
1247 2637 1365 2702 AEtolis

273 2725 358 2790 enirn
374 2722 457 2787 bello
471 2722 600 2786 demum
623 2721 746 2786 Punico
767 2723 906 2787 monada
924 2745 990 2787 rem
1008 2723 1123 2789 habere
1145 2723 1284 2787 hmani
1296 2745 1366 2788 coe·

273 2819 400 2893 perant.
443 2805 593 2892 Denique
605 2806 691 2874 idem
710 2807 888 2871 adstruitur
900 2830 941 2871 ex
955 2808 1085 2886 Seneca,
1101 2809 1155 2892 qui
1169 2808 1190 2873 l.
1206 2808 1232 2872 Ι.
1247 2807 1365 2873 Natur.

275 2891 398 2966 Quaest.
414 2913 441 2955 c.
457 2891 515 2954 ult.
537 2905 570 2956 et
592 2891 722 2976 Consol.
736 2893 778 2956 ad
802 2892 962 2970 Helviam,
978 2916 1007 2958 c.
1024 2904 1077 2960 12.
1092 2894 1187 2958 tradit
1208 2894 1366 2978 Scipionis

274 2975 356 3040 filias
371 2976 403 3040 in
417 2975 526 3040 dotem
540 3000 560 3041 a
574 2988 684 3044 senatu
698 2978 856 3062 accepisse
868 3000 911 3043 as
920 3001 1026 3063 grane.
1071 2980 1170 3044 Hunc
1187 2979 1367 3064 Scipionem

276 3084 317 3126 ex
339 3061 412 3128 Vol.
436 3059 528 3128 Max.
542 3062 565 3126 l.
582 3061 642 3128 lV.
656 3084 686 3128 c.
701 3073 733 3127 4.
747 3076 881 3149 apparet
900 3063 996 3129 fnisse
1012 3064 1075 3130 Cu.
1098 3065 1290 3150 Scipionem,
1313 3066 1367 3152 qui

277 3148 310 3214 in
327 3147 489 3232 Hispania
503 3148 607 3232 periit,
622 3162 773 3232 patruum
788 3148 932 3213 Africani
946 3150 1074 3233 prioris.

118 3252 230 3301 ruant-
322 3242 365 3298 40.
388 3232 524 3299 Necesse
542 3245 590 3298 est
608 3246 645 3298 ut
670 3244 748 3299 tuuc
769 3235 898 3321 aliquod
922 3235 1091 3301 discrimen
1109 3235 1205 3300 fuerit
1224 3237 1317 3321 pretii
1337 3251 1368 3301 et

116 3318 183 3377 ΨΜ
189 3315 274 3390 Q·
280 3320 497 3382 aestimationis
509 3319 592 3382 inter
606 3341 702 3404 grave
715 3340 771 3395 aes,
787 3333 819 3383 et
832 3342 914 3384 asses
930 3320 1073 3385 leviores.
1115 3321 1266 3407 Alioquin
1279 3343 1368 3406 pror·

118 3385 257 3489 ssmwpgtu
279 3423 333 3466 sus
348 3403 461 3468 inutile
474 3403 693 3486 tuimetipsius
708 3405 927 3488 appellationis
940 3404 1119 3472 discrimen.
1164 3408 1277 3491 ltaque
1290 3419 1370 3472 stare

117 3508 455 3636 sisenna
474 3487 1083 3659 ...33
1097 3491 1237 3660 atra
1254 3492 1370 3642 ts:
1435 3483 1440 3512 ¹

279 3678 388 3736 aereas,
404 3679 539 3744 quarum
556 3659 692 3742 pretium
713 3661 893 3748 exigeretur
906 3662 946 3726 ad
963 3664 1118 3726 rationem
1137 3664 1262 3727 nummi
1279 3663 1369 3733 terei:

225 3799 230 3806 .
279 3743 387 3824 itaut,
401 3744 453 3808 cui
466 3744 661 3809 donarentur
681 3744 792 3809 decem
813 3746 913 3810 millia
932 3749 1003 3811 aeris
1024 3749 1128 3848 gravis
1142 3761 1215 3832 post
1236 3752 1371 3813 levatum

278 3829 406 3914 pondus
417 3831 652 3906 nomismatum,
669 3830 694 3893 is
707 3831 866 3915 acciperet
879 3832 988 3896 decem
999 3834 1098 3897 millia
1111 3834 1228 3897 assium
1243 3834 1277 3898 in
1291 3843 1372 3898 mas

140 3941 144 3950 ·
252 3976 256 3982 ,
281 3916 324 3979 sis
336 3914 503 4000 ejusmodi.
538 3915 573 3981 Si
587 3916 618 3978 id
633 3914 862 3996 admitteretur,
877 3917 1066 4003 periretjam
1082 3919 1251 3984 discrimen
1266 3921 1373 4004 pretii:

167 4011 169 4016 ’
279 3999 437 4148 etqllqcem
453 4000 550 4064 millia
563 4000 668 4086 mavis
682 4001 754 4064 aeris
768 4015 871 4066 essent
885 4005 952 4090 ipsa
966 4005 1074 4072 decern
1089 4006 1206 4069 assium
1221 4004 1375 4070 leviorum

282 4106 327 4148 mr
363 4107 392 4149 a.
1107 4113 1111 4119 ·

299 4248 306 4261 .
327 4169 393 4232 Pro
410 4182 496 4235 certo
510 4172 616 4255 itaque
629 4192 749 4255 ponere
762 4193 854 4256 posse
868 4173 1013 4240 videmur
1030 4176 1134 4263 gravis
1149 4175 1222 4240 aeris
1236 4177 1377 4261 appella-

284 4260 380 4327 tione,
396 4266 460 4317 tam
470 4267 559 4332 ante,
575 4277 670 4350 quam
685 4270 757 4339 post
772 4257 956 4325 imminutos
975 4282 1070 4340 asses,
1086 4261 1183 4326 libras
1199 4264 1273 4327 reris
1286 4264 1379 4329 intel·
1438 4305 1439 4310 κ
