2942 4750
415 171 509 233 12113.
527 171 630 233 XLII.
663 172 766 236 CAP.
784 172 903 233 XVIII.
1142 184 1182 237 49

112 328 198 400 ratio
211 334 294 413 init,
322 335 563 400 admittentibus
590 337 761 417 neminem,
783 349 820 400 nt
849 334 935 401 sama
962 350 1121 403 mortuum
1143 339 1323 404 iunctas.

13 444 14 447 ’
113 421 222 486 Asiam
247 422 410 506 perferret.
456 425 584 486 Attalus
610 443 737 523 quoque
761 422 904 501 celerius,
927 444 1024 509 quam
1046 421 1216 509 dignum*
1229 421 1255 466 ⁰·
1268 420 1323 468 1⁷2

13 918 23 987 l

112 508 283 571 concordia
296 507 436 570 fraterna
450 522 528 584 erat,
544 506 688 570 credidit.
711 528 785 571 nam
801 520 921 571 etcum
938 529 1040 571 uxore
1062 507 1176 587 fratris,
1186 483 1315 593 ἕξω*

111 593 314 677 etpraefecto
338 592 414 668 arei,
438 604 597 677 tamquam
617 594 686 676 'jam
712 591 798 656 haud
814 592 931 657 dubius
953 595 1042 678 regni
1064 591 1177 671 haeres,

111 692 157 741 est
191 678 326 742 locutus.
382 676 467 752 Quae
496 689 604 761 postea
639 699 701 741 non
732 676 870 741 fefellere
898 677 1097 743 Eumenem:
1135 693 1178 754 et,

109 785 304 849 quamquam
318 761 516 826 dissimulare
530 774 562 825 et
576 763 671 827 tacite
685 762 804 826 habere
817 763 849 825 id
865 763 995 847 patique
1014 776 1178 842 statuerat,

108 860 216 912 tsnien
232 850 264 911 in
280 848 386 931 primo
408 868 578 931 congressu
593 849 871 931 contemperavit,
888 849 965 931 quin
987 848 1099 914 uxoris
1121 871 1178 933 pe-
1254 876 1258 881 ·

107 933 214 997 tendae
227 947 456 1017 praematuram
471 933 700 997 festinationem
723 933 814 996 fratri
835 933 995 1016 objiceret.
1040 934 1179 999 Romam

109 1039 237 1104 quoque
250 1018 335 1081 fama
350 1017 391 1081 de
405 1030 507 1081 morte
522 1017 676 1082 Eumenis
690 1019 813 1103 perlata
827 1032 884 1082 est.

154 1103 264 1168 XVII.
287 1101 355 1166 Sub
369 1103 453 1166 idem
476 1115 601 1187 tempus
625 1103 663 1167 C.
679 1103 826 1167 Valerius
845 1124 886 1165 ex
901 1102 1039 1180 Graecia,
1056 1106 1111 1190 qui
1133 1106 1178 1168 le·

108 1200 201 1276 gatus
211 1190 258 1252 ad
273 1189 436 1252 visendum
451 1200 566 1252 statum
584 1189 721 1275 regionis
744 1191 812 1274 ejus
833 1191 1085 1274 speculandaque
1100 1211 1178 1254 con·

109 1273 179 1338 silis
195 1272 303 1338 Persei
318 1273 401 1359 regis
415 1275 526 1337 missus
548 1286 625 1351 erat,
642 1274 737 1338 r'ediit
746 1298 756 1350 3
779 1274 1049 1360 congruentiaque
1070 1276 1178 1340 omnia
1187 1292 1264 1339 index
1275 1304 1326 1339 see·

108 1359 296 1424 criminibus
310 1358 351 1423 ab
367 1358 513 1423 Eumene
527 1360 639 1423 adlatis
660 1359 824 1424 referebat.
846 1358 942 1421 simul
957 1370 988 1422 et
1003 1359 1177 1426 adduxerat
1185 1357 1242 1401 ’θῶ
1254 1357 1303 1402 ΒΨ

109 1464 219 1509 secum
232 1445 341 1508 Praxo
352 1468 371 1508 a
382 1444 529 1528 Delphis,
541 1447 629 1531 cujus
644 1444 760 1507 domus
772 1443 1005 1529 receptaculum
1016 1432 1256 1529 latronumffi
1312 1433 1340 1465 ¹¹⁸

106 1528 221 1607 fuerat,
237 1543 269 1593 et
284 1531 321 1594 L.
341 1531 523 1594 Rammium
540 1529 784 1606 Brundisinum,
800 1532 854 1615 qui
874 1531 945 1594 talis
968 1530 1077 1595 indicii
1092 1531 1178 1596 dela·

108 1627 165 1679 tor
179 1626 256 1678 erat.
300 1616 451 1700 Princeps
466 1615 629 1679 Brundisii
653 1615 821 1679 Rammius
836 1616 915 1693 luit3
937 1616 1076 1702 hospitio
1096 1634 1341 1703 quo-Perasaper

107 1711 220 1786 quest
234 1702 324 1763 duces
341 1702 502 1765 Romanos
517 1716 636 1779 omnes,
653 1715 684 1765 et
707 1700 824 1789 legatos
846 1715 1027 1766 exterarum
1049 1700 1300 1801 quoque.lelleficia

108 1786 253 1871 gentium
268 1787 416 1872 insignes,
433 1789 595 1935 praecipue
616 1789 731 1874 regios,
746 1789 933 1872 accipiebat.
956 1810 995 1851 ex
1012 1810 1050 1850 eo
1065 1765 1340 1872 notitiam&

108 1871 140 1934 ei
155 1890 229 1935 cnm
245 1872 374 1936 ahsente
390 1873 506 1936 Perseo
541 1887 646 1937 norat:
671 1874 832 1959 literisque
854 1895 942 1957 spem
967 1872 1115 1936 amicitias
1130 1874 1258 1936 imnum

112 1956 236 2021 terioris
251 1979 439 2044 magnaeque
460 1958 534 2022 inde
547 1958 684 2023 fortunae
698 1958 896 2031 facientibus,
913 1958 954 2022 ad
976 1980 1081 2045 regem
1101 1980 1177 2042 pro-

109 2043 223 2120 fectus,
237 2042 324 2106 brevi
340 2044 559 2128 perfamiliaris
574 2043 694 2120 haberi,
710 2045 868 2130 trahique,
885 2045 986 2132 magis
1000 2067 1095 2131 quam
1112 2049 1177 2109 vel·

106 2128 160 2202 ist,
183 2130 218 2191 iu
246 2144 378 2193 arcanos
397 2152 557 2193 sermones
583 2144 630 2195 est
654 2143 788 2215 coeptus.
834 2132 1002 2196 Promissis
1019 2127 1104 2194 enini
1126 2131 1177 2194 iu·

103 2214 255 2299 gentibus
278 2216 421 2296 praemiis
441 2228 549 2298 petere
572 2216 687 2279 institit
712 2216 753 2279 ab
776 2239 814 2279 eo
835 2238 904 2296 rex,
922 2217 1069 2290 Qwuiam
1090 2218 1178 2280 disces

102 2318 209 2361 omnes
222 2300 376 2382 legatique
393 2300 526 2361 Romani
537 2301 665 2382 hospitio
680 2301 743 2381 ejus
753 2304 801 2361 uti
810 2303 992 2373 adsuessent,
1007 2301 1115 2383 quibus
1129 2322 1179 2362 eo·

102 2401 180 2447 rum
195 2382 262 2461 ipse
275 2385 450 2461 scripsisset,
464 2395 499 2444 ut
513 2405 654 2445 uenenum
665 2386 800 2443 mudum
811 2393 942 2442 curaret.
966 2385 1048 2462 eujus
1061 2385 1137 2444 scire
1149 2404 1182 2444 se

103 2463 367 2547 comparationem
376 2466 539 2545 plurimum
555 2464 744 2548 dgffimltutis
765 2473 793 2522 et
808 2463 937 2543 periodi
950 2464 1067 2537 habuc,
1077 2467 1181 2546 pluri·

104 2555 165 2615 bers
179 2550 308 2613 consciis
325 2549 511 2630 comparari.
535 2556 641 2610 euentu
656 2556 809 2628 preterea
831 2550 947 2610 incerto
961 2569 1033 2625 esse,
1049 2551 1113 2613 “ut
1125 2562 1182 2615 aut

35 2669 42 2688 .
102 2638 186 2702 sutri
200 2636 336 2721 efficaciis
350 2636 395 2697 au
407 2656 469 2697 rem
477 2633 698 2716 peragendam,
713 2641 770 2695 urst
784 2642 851 2696 tuta
873 2635 917 2698 od
936 2655 998 2696 rem
1017 2637 1178 2700 celandum

104 2725 225 2785 dentur.
270 2721 310 2784 Se
322 2722 473 2798 dotamus,
489 2721 570 2808 quod
580 2739 634 2781 uec
648 2722 682 2782 in
695 2719 807 2797 dando,
818 2741 872 2781 uec
885 2721 998 2796 datum,
1011 2723 1075 2784 ullo
1088 2726 1177 2806 siguo

105 2807 260 2889 deprendi
270 2816 379 2887 posset.
426 2804 603 2880 Rammius,
620 2803 803 2881 veritusne,
819 2806 845 2868 si
867 2803 1037 2883 abnuisset,
1054 2808 1176 2891 primus

13 2949 14 2954 ,
105 2894 177 2976 Ipse
189 2893 303 2955 veneni
317 2891 579 2973 -expedmentum
600 2903 693 2969 esset,
714 2887 872 2953 facturum
895 2890 1056 2974 pollicitus
1077 2894 1191 2975 profi-.

108 2977 248 3041 ciscitur.
271 2998 330 3039 nec
355 2975 561 3039 Brundisium
590 2976 800 3054 anseredus,
825 2996 921 3060 quam
948 2990 1105 3039 convento
1136 2978 1174 3041 C.

13 3133 14 3136 Ἴ
104 3062 237 3126 Valerio
254 3060 369 3147 legato,
386 3063 439 3144 qui
457 3062 543 3124 circa
565 3060 748 3124 Chalcidem
771 3083 838 3124 esse
860 3060 1037 3132 dicebatur,
1060 3061 1172 3124 voluit.

106 3148 162 3212 Ad
178 3169 251 3211 eum
266 3148 406 3231 primum
422 3146 540 3209 indicio
553 3146 668 3221 delato,
680 3146 772 3228 jussu
787 3147 853 3231 ejus
869 3147 1003 3210 Romam
1015 3146 1109 3210 simui
1123 3169 1176 3211 vc·

105 3234 167 3297 nit.
192 3235 196 3243 '
214 3231 420 3297 Introductus
434 3233 468 3293 iu
483 3232 614 3306 curiam,
631 3251 703 3316 qnae
717 3241 788 3293 acta
801 3244 903 3311 erant,
918 3233 1074 3316 exposuit.

48 3350 58 3378 ι
152 3318 287 3382 XVIII.
313 3317 394 3382 Haec
410 3317 449 3380 ad
466 3339 514 3396 ea,
530 3337 604 3401 quae
618 3316 657 3379 ab
677 3315 819 3378 Eumene
834 3316 938 3379 delata
953 3330 1053 3394 erant,
1070 3340 1338 3391 acces-Parumne.

105 3424 189 3479 sere,
205 3425 269 3487 quo
284 3403 438 3467 maturius
451 3401 551 3466 hostis
565 3401 696 3464 Perseus
706 3399 920 3485 judicaretnr;
945 3404 1063 3488 quippe
1102 3427 1171 3469 uem
1182 3407 1269 3453 lumin
1280 3408 1337 3456 ¹²⁶²·

104 3510 176 3552 non
192 3489 315 3572 justum
338 3488 433 3552 modo
455 3487 610 3572 adparere
630 3485 750 3550 bellum
782 3489 869 3574 regio
898 3490 1016 3565 animo,
1039 3428 1099 3555 sed
1116 3482 1229 3576 parm

105 3575 219 3638 omnia
232 3573 427 3638 claudestina
441 3572 578 3661 grassari
601 3571 719 3637 scelera
740 3571 979 3638 latrociniorum
1000 3596 1036 3638 ac
1057 3577 1174 3642 venefi-

105 3661 235 3725 ciorum
260 3659 443 3724 csruebant.
488 3657 570 3723 Belli
592 3657 824 3740 administratio
847 3659 887 3724 ad
908 3682 1007 3724 novos
1029 3662 1174 3728 consules
1212 3663 1217 3671 ⁴

105 3748 226 3832 rejecta
247 3759 311 3809 est:
346 3745 572 3830 inpraesentia
598 3756 703 3808 tumen
728 3743 788 3806 Cn.
813 3744 968 3811 Sicinium
990 3762 1173 3833 praetorem,

104 3834 199 3918 cujus
213 3832 297 3894 inter
311 3832 394 3896 cives
417 3845 448 3895 et
469 3831 652 3916 peregrinos
669 3829 848 3914 jurisdictio
870 3845 949 3913 erat,
964 3835 1099 3899 scribere
1114 3833 1174 3895 mi-

102 3917 181 4011 lites
207 3915 345 4001 placuit3
378 3917 443 4003 qui,
468 3914 675 3983 Brundisium
696 3914 795 3992 ducti,
818 3918 924 3999 primo
945 3941 1072 4005 quoque
1094 3931 1173 3978 tcm-

136 4139 168 4186 ⁵6
189 4140 223 4188 Ut
244 4143 286 4186 sal
311 4141 368 4187 ruth
393 4139 490 4199 ostencit
516 4136 548 4185 ud
572 4153 621 4188 rem
652 4131 755 4188 clarens.
789 4137 1173 4200 EsmdeletGr-onoviusinpos.

100 4203 272 4264 pungendum,
290 4208 333 4250 sat
358 4208 408 4250 tata
429 4205 528 4250 adrem
548 4203 621 4249 selus·
652 4206 739 4252 terr'ore
750 4205 869 4251 membro·
896 4203 965 4247 Idem
976 4200 1060 4247 mallet
1068 4214 1171 4267 quoque,

99 4266 159 4312 dum
174 4266 270 4329 mur]
291 4265 389 4328 Ingrata
405 4275 443 4315 cst
458 4267 570 4329 repetitio
580 4281 621 4315 ro·
652 4283 697 4316 nee
708 4270 761 4315 sine
772 4277 854 4321 cama,
866 4263 953 4323 efflent,
964 4268 1049 4322 tuum,
1060 4264 1134 4316 detur.

149 4348 223 4393 VOL·
239 4350 284 4394 IV.
695 4350 716 4394 Β
