2942 4750
274 225 316 281 dt)
636 214 744 279 ΤΙΤῙ
775 211 908 277 leli

114 403 145 450 u.
156 401 183 450 c.
195 400 250 452 ste.
275 382 352 449 nelli
367 380 524 468 Scipionis
537 378 693 466 praetoris,
709 379 800 465 cujus
820 390 890 444 tum
908 379 992 444 inter
1012 377 1096 444 cives
1109 391 1142 444 et
1154 381 1340 465 peregrinos

114 469 145 516 Α·
157 466 184 516 ὓ
197 462 252 517 174·
272 470 453 556 jurisdictio
473 478 541 532 erat
552 490 562 545 3
585 477 617 529 et
631 467 651 498 ⁸¹
663 466 725 529 Cn.
749 464 861 542 Fulvii,
877 466 933 551 qui
953 464 1052 531 irater
1072 488 1253 554 germanus,
1267 471 1341 546 ”et

276 569 313 621 ut
341 557 484 622 Valerius
513 552 628 615 Antias
653 550 762 628 tradit,
792 572 924 616 consors
957 553 1053 616 etiam
1089 553 1227 617 censoris
1261 566 1340 617 erat.

276 646 298 678 ⁸³
310 641 474 716 Consules,
489 638 569 702 votis
583 637 680 702 etiam
702 637 736 701 in
759 637 921 722 Capitolio
943 639 1146 722 nuncupatis,
1162 640 1194 702 in
1213 638 1343 723 provin-

277 729 341 795 ciss
363 725 601 811 proiectisunt.
645 726 665 757 ⁸⁴
678 723 729 787 Ex
752 724 789 787 iis
812 724 858 787 M.
875 722 1010 788 AEmilio
1031 740 1156 789 senatus
1179 726 1345 811 negotium

277 813 378 891 dedit,
395 825 428 875 ut
450 811 675 877 Patavinorum
692 810 726 872 in
749 809 883 874 Venetia
903 810 1088 874 seditionem
1108 812 1343 895 comprimeret,

276 919 356 986 quos
375 896 548 962 certamine
570 895 746 961 factionum
767 895 809 959 ad
830 894 1015 960 intestinum
1039 896 1156 960 bellum
1179 898 1342 973 exarsisse,

275 983 492 1067 ”etipanrum
509 982 602 1068 legati
626 981 817 1046 adtulerunt.
862 981 988 1070 Legati,
1003 984 1057 1069 qui
1076 983 1109 1046 in
1125 982 1281 1046 AEtoliam
1303 983 1345 1046 ad
1426 1046 1432 1059 ,

277 1069 394 1135 similes
415 1083 520 1133 motus
541 1067 797 1153 comprimendos
817 1068 930 1148 ierant,
945 1070 1185 1147 renuntiarunt,
1205 1069 1346 1134 oo‘eroeri

277 1155 397 1221 rabiem
421 1159 524 1238 gentis
547 1176 611 1218 non
632 1175 735 1239 posse.
789 1153 949 1219 Patavinis
979 1155 1072 1220 saluti
1101 1155 1162 1220 fuit
1189 1157 1344 1237 sdreutm

279 1242 436 1308 consulite
460 1264 563 1328 neque
576 1241 674 1318 aliud,
691 1239 778 1327 quod
800 1254 908 1326 ageret
922 1242 955 1304 in
978 1242 1150 1326 provincia,
1167 1264 1266 1328 quum
1287 1240 1345 1306 ha·
1369 1307 1374 1315 .

117 1339 250 1387 mmm
278 1328 408 1405 baisam,
433 1330 568 1393 Romam
589 1327 694 1392 rediit.
740 1326 898 1390 Censores
919 1327 985 1391 rias
1005 1329 1188 1394 sternendas
1202 1328 1289 1391 silice
1310 1330 1344 1391 in

115 1415 198 1464 ⁰90²·-
281 1414 370 1492 urbe,
391 1414 530 1503 ”glarea
551 1428 640 1479 extra
661 1412 774 1479 urbem
796 1411 1041 1480 substruendas⁸
1061 1415 1346 1501 marginandasque

279 1499 375 1587 primi
391 1502 535 1565 omnium
549 1500 743 1575 locaverunt,
760 1511 935 1584 pontesque
949 1500 1057 1565 multis
1072 1501 1151 1565 locis
1164 1500 1343 1566 faciendos:

279 1602 311 1652 et
325 1590 481 1652 ”scenam
502 1585 649 1651 aedilibus
670 1585 924 1671 praetoribusque
947 1586 1172 1671 prebendam:
1195 1600 1227 1650 et
1241 1607 1346 1651 caree·

631 1723 644 1752 ¹
654 1720 825 1769 mbrterssendas
835 1722 909 1769 Gron.
921 1723 990 1770 Creu.

281 1849 320 1896 15.
332 1862 412 1911 supra.
445 1847 510 1908 Ergo
521 1846 681 1893 suideleudoe
689 1851 796 1890 suntvo-
827 1848 899 1891 sortes
914 1847 1057 1892 diasbannu
1075 1847 1212 1893 coheredes
1230 1845 1347 1905 quamdiu

280 1916 355 1959 resin
368 1913 494 1973 Hisponis,
507 1911 641 1971 autlnpsus
655 1915 692 1954 est
703 1921 796 1954 memo-
828 1907 957 1955 heredites
973 1910 1051 1954 divise
1071 1923 1119 1954 non
1139 1916 1198 1955 erat.
1237 1912 1346 1956 Glossaer

280 1975 417 2022 riaLivlus.
830 1977 950 2027 wawrier,
965 1971 1069 2027 anatra,
1080 1972 1209 2038 riesisse.
1243 1974 1304 2020 Inde
1323 1980 1350 2020 et

313 2038 346 2085 80
362 2039 391 2084 L.
414 2039 517 2086 Cornelii
538 2039 654 2099 Scipionis
676 2034 798 2097 praetoris]
830 2038 969 2082 mortium
985 2038 1086 2083 Meta·
1105 2044 1130 2082 et
1148 2038 1289 2083 communio
1309 2051 1349 2085 eo·

282 2101 397 2149 Testatur
409 2102 490 2147 Valet.
504 2102 599 2148 Mani.
618 2102 666 2148 111.
678 2115 700 2147 e.
712 2099 735 2145 5.
748 2096 801 2160 ejus
832 2100 965 2145 heredum.
998 2100 1087 2146 Contra
1095 2099 1209 2155 dissertes,
1221 2108 1350 2159 postquam

282 2166 429 2227 propinquos
437 2165 530 2211 dedisse
542 2178 648 2225 operam,
661 2177 691 2209 ne
702 2168 745 2209 sut
756 2164 801 2208 sei-
833 2164 970 2209 diviserant.
1007 2164 1113 2209 Glossoes
1136 2162 1243 2209 dissertes
1258 2159 1352 2216 iuis·

282 2231 332 2276 iam
345 2243 440 2289 ponere,
453 2236 495 2276 aut
502 2226 544 2290 jus
552 2230 630 2275 dicere
638 2229 744 2275 auderet.
772 2226 803 2272 ld
833 2224 947 2291 gsiims.

283 2295 385 2341 fortasse
406 2300 435 2342 ut
456 2295 568 2354 perticere
590 2298 696 2354 possm,
716 2297 803 2337 notsn·
865 2292 899 2339 m
915 2290 1024 2339 cientes
1044 2292 1104 2336 notis
1128 2289 1210 2353 etism]
1234 2291 1352 2340 Tollenda

283 2358 343 2405 dum
371 2372 428 2408 eum
450 2372 464 2405 a
486 2359 624 2406 censoribus
650 2362 800 2404 curaverant.
834 2356 930 2404 ridetur
947 2357 1066 2417 particula
1082 2356 1228 2416 ermque
1244 2357 1350 2405 bicarii·

283 2421 401 2477 Quamvis
409 2425 475 2470 enim
482 2421 556 2486 hujus
564 2430 628 2469 notre
637 2423 661 2468 vi
669 2428 802 2482 pratumm
833 2421 886 2466 lum
897 2422 971 2467 habet
981 2434 1089 2475 sensum,
1101 2427 1126 2465 et
1137 2419 1207 2467 facile
1213 2422 1352 2483 immigrare

283 2500 334 2532 non
345 2489 477 2542 amitteret,
498 2489 605 2536 alienum
622 2495 705 2533 tamen
723 2490 802 2531 erata
834 2485 914 2543 potuit
933 2485 1011 2530 exiis
1030 2497 1086 2544 que
1102 2486 1252 2544 praecedunt,
1263 2498 1353 2532 mesore

281 2551 403 2611 dignitate
424 2555 507 2613 populi
535 2552 649 2606 Romani,
677 2551 803 2596 hominem
834 2549 905 2594 etiam
914 2550 1020 2594 reem.

286 2627 302 2658 a
317 2617 456 2660 censoribus
476 2621 588 2660 notatum
606 2611 649 2673 jus
671 2614 759 2666 dicere,
779 2616 803 2655 et
867 2609 900 2655 34
915 2611 956 2657 Er
967 2614 997 2657 iis
1007 2612 1048 2657 M.
1059 2611 1169 2720 AEmiiiq]
1181 2612 1301 2658 Mendum
1313 2617 1351 2658 est

285 2681 392 2721 statuere
403 2678 433 2721 de
444 2676 548 2722 fortunis
559 2676 657 2721 civium.
835 2672 862 2718 in
881 2675 979 2722 nomine
998 2676 1110 2722 consulis.
1170 2689 1201 2719 on
1219 2677 1286 2720 enim
1305 2676 1351 2722 hoc

319 2736 349 2784 81
364 2739 408 2785 Cre
414 2737 802 2799 Fulvii‚quisentergerrrssnsr··
836 2749 909 2789 anno,
921 2741 963 2785 sed
980 2737 1284 2799 supereminentius
1294 2752 1353 2785 con·

286 2801 397 2864 smmis]
422 2802 487 2848 Huic
505 2801 592 2848 Fulvio
608 2812 749 2860 prenomen
766 2812 804 2845 aa
836 2801 874 2847 sul
885 2802 939 2848 urit.

287 2866 428 2926 signabatur
454 2867 480 2911 in
502 2865 578 2913 veteri
605 2865 686 2911 eodioe
707 2862 803 2910 Lucius.
867 2864 901 2912 85
917 2866 951 2913 Et
969 2869 1072 2929 ipsoram
1086 2864 1169 2928 legati]
1186 2863 1235 2912 Vel
1250 2866 1352 2913 delenda

287 2931 322 2975 At
341 2927 451 2975 Velleius
473 2931 489 2976 l.
511 2930 532 2975 I.
554 2942 575 2975 c.
597 2927 634 2975 lu
656 2941 713 2975 eum
734 2935 806 2973 voest
838 2933 1044 2989 estparticulnet,
1057 2931 1095 2976 vel
1110 2929 1199 2976 excidit
1217 2931 1285 2991 prius
1301 2943 1354 2977 ora.

287 2992 405 3040 Canusii
430 2995 501 3054 eique
521 2993 604 3053 potius
624 2992 805 3038 assentiendum
838 2994 911 3040 tionis
922 2997 1069 3042 membrum.

288 3057 400 3120 fflwnius
417 3058 546 3105 ειὶιῑίωει
580 3057 694 3106 Ceterum
709 3056 739 3109 is.
756 3056 807 3103 sive
869 3057 902 3105 80
919 3058 1005 3106 Gleroo
1020 3089 1028 3105 .
1045 3088 1052 3105 .
1068 3089 1076 3103 .
1092 3057 1272 3113 witmundus,
1289 3069 1352 3104 ntor·

288 3120 317 3169 1.
326 3124 376 3170 sive
385 3122 428 3168 Cn.
438 3122 547 3176 Fulvius,
556 3121 621 3167 idem
628 3127 674 3175 est,
683 3121 726 3180 qui
733 3133 807 3180 supra
834 3122 1004 3187 gimsdasque]
1024 3122 1099 3168 Vocis
1114 3121 1285 3169 redimendes
1299 3124 1353 3169 hese

285 3186 373 3234 ixl..
384 3199 405 3231 e.
417 3186 456 3232 41.
468 3192 567 3231 vocatur
584 3185 621 3231 M.
635 3183 735 3230 Fulvius
752 3184 803 3231 No-
835 3187 942 3248 proiecto
953 3188 990 3233 vis
1006 3194 1052 3240 est,
1071 3192 1100 3232 ut
1118 3185 1246 3245 lapidibus,
1263 3187 1351 3247 quibus

195 3259 199 3264 ·
286 3250 367 3305 bllioe,
378 3250 502 3295 etdieitur
515 3250 635 3310 legionem
652 3250 678 3294 in
694 3262 744 3309 qua
761 3251 804 3295 tri·
836 3252 1006 3300 sternebantur
1016 3252 1071 3304 rire,
1089 3249 1169 3295 solum
1185 3256 1278 3296 eterra
1293 3251 1354 3310 lapi·

286 3314 368 3360 bunna
383 3314 490 3359 miiitum
501 3320 561 3368 mat,
573 3312 699 3359 dimisisse.
731 3312 804 3368 Quod
835 3318 894 3363 dosa
915 3318 1115 3368 substerneretur,
1135 3314 1176 3360 eui
1197 3315 1297 3361 solidius
1323 3329 1352 3361 se

287 3382 371 3424 antem
382 3378 407 3423 in
422 3378 500 3437 priore
511 3379 553 3424 ilio
564 3378 619 3424 iibri
630 3376 686 3423 xi.
698 3379 751 3424 loeo
762 3391 803 3423 vo·
836 3380 929 3427 armins
947 3381 1039 3440 lapides
1055 3378 1208 3424 inhererent.
1240 3380 1278 3424 Ae
1299 3392 1353 3425 rem

286 3446 357 3488 estur
368 3442 402 3487 M.
416 3440 517 3488 Fulvius
533 3441 652 3495 Nobilior,
664 3442 703 3488 hic
719 3449 803 3489 autem
835 3445 870 3491 ita
881 3457 906 3490 se
917 3444 1006 3491 hebere
1015 3442 1101 3489 asserit
1109 3441 1220 3488 oculatus
1230 3442 1307 3497 testis,
1315 3443 1353 3490 Cl.

288 3502 331 3551 Cn.
342 3505 451 3559 Fulvius,
463 3507 489 3552 id
500 3519 530 3552 ex
538 3521 567 3553 eo
577 3507 633 3553 oriri
642 3506 755 3566 Sigonius
762 3520 803 3553 ex-
835 3515 919 3555 euctor
929 3507 1090 3568 Antiquitatis
1102 3505 1270 3552 Schenrstibns
1285 3507 1353 3553 illus·

286 3568 389 3623 intimat,
407 3571 472 3629 quod
490 3585 505 3617 a
522 3570 558 3616 M.
571 3570 658 3622 Fulvio
679 3570 803 3617 Nobiliore
835 3579 915 3627 tratre,
926 3572 969 3633 qui
979 3572 1067 3631 Appiis
1080 3569 1126 3614 vire
1138 3576 1232 3627 partem
1242 3571 1350 3630 aliquam

285 3633 416 3692 adoptatus
432 3641 502 3681 esset.
541 3635 627 3708 ltaque
645 3635 689 3683 Ca.
700 3634 803 3681 Fulvius
834 3637 969 3682 etiamnum
987 3635 1107 3694 integram
1125 3632 1230 3694 inspexit
1249 3635 1350 3696 diiigen-

286 3695 384 3743 ruas.
395 3699 501 3756 primurn
517 3705 554 3744 est
569 3712 622 3761 ejus
638 3712 726 3745 nomen
737 3715 744 3744 e
761 3697 802 3743 M.
834 3700 884 3746 tius
893 3706 917 3744 et
928 3699 1069 3759 exploravit.
1103 3695 1169 3743 Eum
1181 3699 1228 3744 vid.
1238 3698 1309 3745 Tom.
1318 3698 1351 3743 V.

286 3758 388 3807 Fuluius
398 3761 507 3809 Nobilior
518 3776 607 3809 nomen
619 3773 655 3808 est
666 3763 727 3810 illud
739 3763 804 3823 quod
835 3770 903 3823 parte
915 3764 949 3810 11.
972 3759 1146 3823 Marginarrdas
1161 3768 1226 3809 recte
1237 3759 1353 3823 Dujatius

284 3826 805 3954 'iiiiilttil‘sl'eiliiunt
836 3826 1106 3951 militetis
1123 3824 1354 3950 iidem

411 3921 456 3936 ···
1106 3921 1116 3948 s

286 3955 364 4001 utitur
382 3955 491 4002 Velleius
508 3955 553 4001 bac
569 3955 621 4013 ipsa
637 3955 667 3999 de
683 3967 709 3999 re
720 3967 802 4014 agens.
834 3956 929 4002 brettus
947 3957 973 4002 in
995 3956 1098 4015 Apolog.
1121 3953 1152 3999 ad
1170 3955 1350 4007 Grunnovium‚

286 4017 370 4066 Cbero
385 4019 517 4084 quoque‚l.
532 4017 700 4064 iiLinVerr.
717 4030 742 4062 n.
763 4017 802 4064 57.
826 4019 966 4078 firmissima
992 4018 1023 4065 ed
1049 4020 1143 4066 viarum
1166 4017 1238 4064 latero
1264 4031 1351 4064 marn·

285 4080 415 4130 Sostratum
431 4088 454 4130 ct
464 4083 621 4136 Numenium,
638 4085 660 4126 et
679 4079 804 4141 Nympho·
835 4095 889 4127 rum
904 4082 1007 4143 lepidam
1022 4084 1090 4137 serie,
1109 4080 1196 4143 duplici
1213 4083 1293 4140 eiiqm,
1304 4083 1350 4129 iri·

282 4142 377 4200 dotum,
392 4151 439 4193 ires
449 4145 543 4208 fratres
562 4148 674 4191 consortes
688 4145 801 4203 sppellst
829 4145 931 4206 piscique
948 4147 1041 4202 alieubi,
1059 4151 1085 4193 ssi
1104 4146 1281 4201 observavimus,
1300 4148 1350 4194 ulus

286 4208 328 4252 Ad
343 4220 400 4255 sirm
419 4210 540 4258 Ciceronis
558 4208 639 4255 locum
655 4208 681 4254 in
697 4208 804 4254 editione
822 4209 895 4270 ,iasar
906 4211 1054 4258 continebant.

284 4269 377 4316 Grsesii
393 4276 503 4334 apposita
517 4269 555 4319 est
570 4273 623 4318 hec
640 4272 752 4319 salmasii
768 4285 799 4319 ex
861 4271 1026 4337 Si'Srenam]
1044 4272 1102 4320 Vid.
1123 4281 1173 4322 not.
1190 4274 1230 4324 88.
1247 4274 1279 4321 ad
1292 4271 1350 4321 xi.

281 4331 400 4383 rusum
411 4336 703 4385 iinmeitationibusnots.
737 4335 799 4402 Cos·
829 4336 869 4385 51.
