2942 4750
443 154 649 222 LIBROR.
675 156 889 218 DEI’ERI).
1136 151 1194 216 261

592 432 731 514 CXII.

178 628 361 710 Trepidodo
383 629 529 690 victorum
552 628 684 708 portium
711 629 745 690 in
773 628 907 692 diversas
934 626 1018 690 orbis
1043 638 1192 691 ter-rariore

123 724 233 796 partes
253 723 284 775 et
295 709 381 796 fuga
401 710 584 792 reseruntur.
630 714 687 775 Cn.
715 714 887 796 Pompeiis,
910 735 1001 797 quum
1021 713 1192 797 AEgyptmn
1263 756 1268 766 -

124 800 260 881 petisset,
266 796 356 880 jassen
370 798 532 861 Ptolemaei
550 798 632 881 regis
650 797 776 880 pupilli,
799 809 920 862 anctore
945 800 1097 861 'llseodoto
1110 819 1192 877 pree·

129 894 257 967 reptare,
273 881 356 965 cnjus
369 903 484 966 magna
498 885 583 964 apud
599 904 698 966 regern
719 886 887 947 auctoritas
907 894 984 959 erat,
1002 894 1031 945 et
1046 884 1188 960 Pothino,

129 972 241 1033 occissus
254 977 297 1032 cst
311 968 350 1031 ab
365 969 499 1043 Achilla,
515 970 564 1031 cni
578 970 613 1029 id
619 969 749 1051 facinus
770 979 838 1032 erat
858 971 1035 1052 delegatum,
1058 970 1089 1031 in
1103 971 1190 1033 navi-

128 1057 208 1133 cula,
223 1064 387 1136 antequam
401 1055 433 1116 ia
447 1064 558 1116 terrain
573 1054 675 1116 enicet.
721 1054 863 1117 Coneelia
878 1076 953 1117 uror
966 1065 996 1117 et
1009 1055 1076 1120 Ser.
1095 1057 1189 1137 Pon

126 1142 213 1222 peirn
212 1140 307 1222 filins
323 1140 446 1223 Cypron
459 1138 647 1222 nfirgecnnt.
689 1140 802 1215 Caesar,
820 1149 892 1221 post
905 1142 1027 1202 tertium
1047 1141 1124 1202 diem
1140 1141 1189 1203 in·

127 1235 252 1301 secutio,
268 1245 356 1308 quum
370 1226 402 1286 ei
420 1224 592 1287 'lbeodotus
605 1234 695 1311 capnt
712 1225 852 1306 Pompeii
864 1234 893 1287 et
908 1227 1051 1287 annulum
1066 1225 1189 1289 obtsdis·

127 1322 180 1387 set,
196 1312 252 1372 ⁰⁰et
273 1309 408 1393 infensus
427 1319 482 1385 est,
504 1319 534 1373 et
554 1310 775 1373 inlacrimauit.
815 1311 881 1372 sine
895 1312 1034 1390 periculo
1052 1313 1188 1374 Aleran·

127 1399 228 1460 driam
243 1397 475 1458 tumultuantem
490 1397 626 1458 intravit.
673 1395 789 1472 Caesar,
804 1386 937 1457 dictator
957 1405 1085 1471 creatus,
1104 1396 1188 1459 Clea-

119 1491 254 1563 potram
268 1482 301 1542 in
314 1501 438 1561 regnunt
452 1480 584 1564 AEgypti
597 1481 728 1554 reducit,
742 1490 771 1542 et
786 1480 956 1564 inferentes
968 1480 1074 1542 bellurn
1088 1482 1189 1545 iisdem

126 1564 300 1628 auctoribus
327 1565 534 1640 Ptolernaenm,
562 1565 664 1648 qnibns
690 1567 866 1647 Pompeium
890 1567 1094 1649 interfecerat,
1124 1588 1192 1643 curu

125 1670 239 1733 magno
255 1670 308 1711 suo
329 1650 505 1712 discrimine
525 1650 606 1713 aicit.
651 1650 831 1714 Ptolemoeus
852 1652 920 1712 dum
929 1652 1032 1734 fisgit,
1055 1653 1089 1712 in
1111 1652 1189 1713 Nilo

126 1733 269 1798 naviaclo
282 1733 422 1797 subsedit.
464 1736 623 1798 Prceterea
638 1733 813 1800 laboriosum
823 1735 873 1798 Μ.
891 1737 1018 1799 Catonis
1032 1737 1063 1797 in
1077 1734 1189 1819 Africa

121 1821 312 1903 perdeserta
325 1841 389 1883 econ
403 1821 569 1905 legionibus
582 1820 650 1895 der,
666 1830 695 1883 et
709 1820 813 1884 bellum
824 1843 845 1882 a
863 1821 919 1885 Cn.
932 1822 1072 1885 Domitio
1081 1829 1188 1883 contra

129 1907 319 1970 Pharnacen
332 1907 467 1988 ’'panen
476 1928 620 1990 prospere
631 1915 748 1991 gestum
762 1908 904 1970 continet.

569 2250 730 2330 CXIII.

174 2443 366 2540 Confirmatis
381 2442 414 2502 in
429 2437 540 2521 Africa
553 2440 751 2520 Pompeianis
759 2438 909 2520 partibas,
923 2441 1078 2521 insperisen
1088 2463 1189 2504 eonem

128 2530 169 2594 P.
185 2527 320 2608 &pioni
333 2527 463 2588 delotwn
477 2534 521 2587 est
529 2548 544 2598 ,⁰
568 2526 691 2600 Catone,
707 2525 758 2587 cni
779 2546 817 2586 ea
837 2543 920 2607 aeqsso
933 2525 1122 2606 deferebatur
1135 2528 1189 2590 in·

121 2615 258 2697 perium,
271 2611 401 2674 cedente.
444 2612 491 2674 Et
504 2631 591 2693 quemi
606 2612 644 2672 de
657 2608 886 2673 diruendaurbe
901 2611 993 2674 Utica
996 2622 1126 2693 propter
1132 2609 1190 2692 fa·

73 2717 91 2782 ·‚
127 2719 228 2763 vorem
242 2698 378 2760 civitatis
392 2695 457 2779 qius
469 2697 502 2757 ia
519 2696 666 2758 Cesaren
687 2695 916 2770 deliberaretur,
934 2698 1025 2780 idque
1037 2699 1187 2778 nefieret,

30 2815 39 2833 ·
66 2813 100 2851 ·.
128 2783 178 2847 M.
196 2784 274 2846 Cato
287 2783 441 2857 tenuisset,
463 2781 547 2847 Juba
567 2782 722 2854 erodente,
744 2791 778 2843 nt
800 2781 988 2853 dirueretur,·
1014 2783 1107 2844 tutela
1126 2781 1190 2863 qus

127 2878 158 2933 et
172 2869 309 2948 custodia
322 2868 470 2930 mandato
484 2876 528 2930 est
543 2866 659 2931 Catoni.
703 2866 789 2929 ”Cn
802 2866 965 2949 Pompeios
983 2868 1094 2950 Magni
1094 2869 1189 2949 filins
1243 2945 1246 2952 ¹

125 2956 160 3020 in
175 2954 345 3033 Hispania,
360 2954 521 3015 contractis
528 2951 657 3027 viribus,
674 2972 800 3033 quarum
811 2953 950 3013 ducatum
963 2974 1015 3015 nec
1023 2952 1187 3036 Afranius,

125 3061 180 3108 nec
195 3038 332 3100 Petreius
346 3037 481 3117 excipere
495 3037 640 3111 volebant,
657 3036 766 3100 bellurn
780 3039 924 3100 adversus
941 3037 1090 3100 Cesarem
1105 3058 1189 3100 reno-

126 3126 220 3189 vasis.
263 3124 453 3197 Pharnaces,
469 3121 665 3184 Mithridatis
664 3123 765 3202 filins,
780 3144 835 3184 rea
845 3121 949 3196 Ponte’,
965 3122 1029 3182 sine
1044 3123 1107 3183 ullo
1117 3121 1190 3182 belli

47 3267 54 3282 ,
125 3230 211 3272 mora
226 3209 322 3271 victus
343 3217 396 3270 est.
445 3208 542 3281 Quian
563 3208 723 3269 seditiones
738 3208 846 3268 Roma
860 3227 881 3268 a
895 3208 934 3269 P.
951 3206 1117 3268 Dolabella
1131 3205 1189 3268 tri·

125 3294 205 3357 buno
212 3294 324 3375 plebis,
341 3294 432 3376 legem
440 3292 569 3375 ferente
589 3293 627 3353 de
647 3292 729 3354 novis
748 3291 868 3367 tabulis,
885 3292 1026 3353 excitate
1040 3301 1146 3370 essent,
1161 3300 1190 3354 et

125 3401 165 3443 ee
178 3400 215 3441 ea
228 3398 332 3441 caussa
344 3377 426 3458 plebs
443 3378 682 3451 tumultuaretur,
706 3377 833 3439 inductis
855 3397 875 3439 a
897 3375 947 3438 M.
970 3378 1103 3441 Antonio
1124 3398 1189 3439 ma·

124 3466 229 3549 gistro
243 3463 372 3544 equitson
388 3464 421 3523 in
436 3462 537 3525 tabern
552 3461 700 3536 militibus,
716 3462 913 3544 octingentis
933 3462 1017 3543 plebe
1029 3464 1095 3526 cesi
1107 3472 1189 3527 sunt.

159 3689 192 3735 90
208 3687 242 3734 Et
257 3687 282 3733 in
293 3701 359 3733 cneus
376 3693 417 3744 ert,
434 3693 458 3735 et
477 3689 640 3746 illacrymavit⁹
670 3685 784 3749 jusserat,
802 3687 860 3734 Inde
872 3688 1001 3749 Pompeius.
1036 3691 1082 3736 Sed
1097 3686 1123 3734 ei
1138 3687 1192 3733 inde

123 3754 175 3801 elne
293 3749 385 3814 lLage
404 3767 460 3799 cum
478 3752 608 3805 Gronovio,
620 3755 643 3797 et
673 3753 713 3797 hle
724 3765 900 3810 supervacuum
909 3761 951 3798 est.
986 3752 1105 3798 Praeterea
1113 3762 1189 3808 quum

124 3817 224 3875 ophim
244 3819 285 3870 cst,
304 3820 327 3861 et
342 3818 513 3878 dherprmalts
537 3829 577 3860 nec
593 3817 642 3860 elne
674 3816 722 3862 duo
734 3816 776 3861 filii
789 3816 895 3877 Pompeii
906 3822 994 3866 ment.
1006 3816 1047 3873 qui
1063 3811 1189 3871 prenomi-

675 3880 745 3924 nibus
766 3880 983 3941 distinguebantur,
1002 3876 1129 3921 verisimile
1147 3874 1190 3919 ad-

159 3943 189 3988 91
208 3942 300 3988 Porum
312 3943 433 4005 prospere]
451 3941 544 3988 Vocem
556 3955 644 4003 porum
675 3943 775 3988 modum
792 3951 828 3989 est
844 3951 966 3990 auctorem
982 3941 1108 3998 epitomes,
1122 3935 1145 3980 ei
1160 3935 1196 3982 dt

124 4001 213 4065 adjecit
222 4007 552 4080 Sigoniusexhistortoefide.
586 4005 643 4051 Vid.
675 4018 724 4065 quo
734 4009 820 4065 agebat
830 4021 902 4054 suum
914 4015 1052 4065 prenomen
1063 3998 1191 4044 addidisse.

126 4069 200 4114 finem
211 4070 284 4131 hujus
295 4069 357 4116 libri.
675 4069 757 4128 Atque
768 4071 827 4118 illud
839 4074 901 4117 clare
918 4077 1058 4126 expressum
1075 4067 1193 4121 repentur

160 4132 191 4179 92
209 4133 253 4180 Cn.
271 4133 396 4193 Pompeius
412 4132 502 4193 Magni
509 4132 590 4195 filins]
607 4132 644 4178 si·
675 4132 700 4177 in
717 4147 767 4179 uno
783 4148 797 4180 e
812 4136 880 4181 codd.
897 4146 912 4176 a
931 4129 1052 4177 Gronovio
1070 4126 1192 4188 inspectis.

124 4195 261 4258 goniuuez
277 4197 579 4255 veteribuuutaiglihris
596 4197 644 4259 legi
676 4195 923 4256 luspseudsnisimm·
