2942 4750
381 179 477 239 LlB.
497 178 599 243 XLII.
635 178 735 243 CAP.
754 178 902 241 XXXIX.
1133 188 1173 250 67

106 353 174 409 tore
184 341 278 423 facta
294 364 391 429 quem
408 342 627 409 Romanorum
641 343 746 413 tavare
767 346 862 409 rebus
878 343 953 407 satis
970 356 1167 427 compertum
1177 368 1206 413 u.
1219 368 1245 415 a
1257 366 1313 417 tel.

107 440 179 506 erat,
196 430 390 493 transierunt
409 428 443 492 in
460 430 665 495 Thessaliam.
711 430 762 495 Eo
783 430 880 517 legati
898 433 1115 511 Acarnanum,
1136 434 1207 500 etta
1218 432 1245 488 st
1258 430 1312 480 lll·

108 513 292 579 Boeotorurn
325 514 448 578 exsules
474 530 637 581 venerunt
682 517 866 579 Acarnanes
896 514 1051 579 nunciare
1077 517 1168 600 jussi,

109 601 178 674 Qua
191 602 340 683 Philippi
347 603 498 683 prirnum,
513 601 658 667 Antiochi
672 604 782 664 deinde
789 602 877 678 bello,
889 602 1009 683 decepti
1021 603 1179 682 ³¹pottict·.

105 687 264 750 lenonibus
278 687 367 768 regis,
383 688 529 751 adversus
541 689 686 767 populum
701 688 873 750 Rauranum
894 687 1118 764 commisissent,
1134 710 1173 753 eo

105 771 276 856 corrigendi
298 773 483 835 occasionem
506 773 570 834 illis
591 772 750 849 oblatam.
779 773 816 835 Si
828 773 908 835 male
920 773 1025 835 meriti
1042 772 1170 837 clemen·

106 857 177 919 tiam
185 856 301 939 populi
316 856 447 919 Romaiu
460 857 578 938 experti
591 867 696 932 essent,
713 858 786 920 berre
799 858 937 920 merendo
957 857 1171 922 liberalitatem

106 944 319 1025 aspernentur.
375 940 496 1005 Boeotis
528 944 765 1025 exprobratum,
799 941 980 1005 societatem
1009 963 1062 1004 eos
1096 964 1171 1006 cum

109 1024 222 1093 Peneo
238 1025 392 1111 junxisse.
415 1027 462 1103 iis,
479 1047 578 1111 quum
600 1025 728 1111 culpam
749 1029 780 1090 in
798 1027 978 1103 Ismeniam,
994 1027 1171 1112 principem

107 1110 234 1177 alterius
249 1111 358 1195 partis,
373 1111 565 1188 conferrent,
581 1114 602 1146 '³
612 1127 644 1175 et
659 1113 812 1196 quasdam
827 1113 967 1177 civitates
982 1112 1172 1178 dissentien-

107 1208 151 1260 tes
170 1198 204 1261 in
228 1217 371 1261 caussam
387 1197 553 1271 deductas,
569 1199 783 1280 adparitnrnm
806 1200 841 1261 id
861 1219 932 1273 esse,
955 1196 1100 1262 Marcius
1122 1221 1172 1263 re·

107 1283 252 1368 spondit:
274 1282 406 1366 singulis
420 1285 498 1346 etaim
516 1284 691 1349 ciuitatibus
710 1286 750 1365 de
770 1283 895 1363 seipsis
916 1285 1084 1347 consulendi
1097 1295 1172 1367 pot·

108 1379 227 1433 estatem
231 1369 390 1452 facturos.
424 1367 650 1432 Thessalorum
663 1368 803 1433 Larissae
813 1366 873 1431 fuit
889 1367 1068 1434 concilium.
1084 1369 1127 1433 ibi
1140 1384 1172 1436 et

108 1452 268 1518 Thessalis
282 1453 420 1540 benigna
433 1454 566 1517 materia
577 1453 694 1552 gratias
708 1452 823 1538 agendi
836 1452 989 1516 Romanis
1004 1474 1064 1536 pro
1076 1454 1172 1520 liber·

107 1540 181 1603 tatis
198 1558 328 1603 munere
343 1539 421 1614 fuit3
445 1554 476 1603 et
490 1538 613 1626 legatis,
629 1539 726 1623 quod,
742 1551 773 1602 et
790 1537 931 1624 Philippi
946 1540 1035 1623 prius
1054 1555 1173 1625 etpost

108 1625 263 1707 Antiochi
283 1624 377 1700 bello,
401 1625 488 1689 enisa
513 1624 614 1709 adjuti
640 1648 660 1689 a
684 1637 780 1709 gente
807 1624 1034 1689 Thessalorum
1058 1638 1173 1690 essem.

105 1708 167 1773 bac
184 1725 290 1774 mutua
305 1709 608 1775 commemoratione
622 1710 805 1775 meritorum
820 1712 945 1775 accensi
965 1710 1066 1773 animi
1089 1709 1173 1773 mul·

107 1794 250 1859 titudinis
271 1795 310 1860 ad
334 1796 442 1860 omnia
462 1796 669 1877 decernenda,
686 1819 759 1882 quie
783 1796 922 1860 Romani
944 1794 1071 1859 vellent.
1117 1794 1174 1859 Se·

105 1881 249 1944 cundum
270 1881 334 1946 hoc
355 1881 524 1947 concilium
546 1882 641 1968 legati
662 1905 683 1946 a
704 1883 821 1946 Perseo
836 1903 911 1968 rege
924 1892 1090 1955 venerunt,
1131 1880 1171 1944 ri·
1181 1893 1294 1955 Lageae

105 1967 170 2030 asti
185 1968 324 2031 maxime
344 1967 475 2051 hospitii
497 1967 623 2045 fiducia,
640 1967 727 2054 quod
749 1968 779 2031 ei
801 1979 969 2050 paternum
990 1988 1064 2031 cum
1141 1958 1310 2068 „11:¹QO

103 2051 158 2117 cio
179 2067 257 2117 erat.
305 2053 358 2117 Ab
382 2054 476 2139 hujus
505 2053 741 2119 necessitudinis
766 2055 1068 2118 commemoratione
1096 2054 1170 2132 orsi,
1210 2035 1312 2068 naum

102 2137 268 2221 petierunt
288 2137 395 2223 legati,
417 2141 450 2202 in
481 2140 686 2224 conloquium
710 2138 854 2203 veniendi
885 2140 952 2225 regi
984 2151 1172 2224 potestatem

100 2221 232 2286 faceret.
278 2220 433 2299 Marcius,
448 2226 493 2287 Et
506 2248 537 2288 se
552 2228 599 2287 ita
613 2247 634 2287 a
643 2234 737 2305 patre
751 2245 804 2286 suo
818 2226 973 2304 accepisse,
988 2223 1080 2301 dixit,
1095 2226 1174 2286 ami-

99 2307 213 2371 citiam
234 2307 453 2390 hospitiumque
468 2330 535 2370 cum
551 2309 700 2388 Philippo
713 2306 824 2384 fnisse.
846 2310 970 2369 minime
985 2308 1175 2368 inmemorem

97 2390 334 2457 necessitudinis
352 2412 414 2469 qais
429 2394 611 2472 legationem
626 2411 695 2450 eous
708 2392 877 2464 suscepisse.
923 2391 1178 2468 Conloqnium‚si
1267 2416 1272 2420 ·

98 2478 185 2544 satis
199 2473 351 2537 commode
364 2473 485 2546 calmet,
503 2469 670 2549 nonsuisse
684 2469 866 2532 ducturum:
885 2490 974 2543 nnnc,
986 2470 1038 2532 ubi
1046 2473 1176 2551 primum

95 2569 221 2647 posset,
238 2559 282 2621 aa
303 2559 434 2621 Peneum
445 2558 579 2640 flamm,
595 2578 656 2639 qno
675 2555 823 2618 transitus
841 2555 880 2618 ab
900 2556 1061 2619 Homolio¹
1074 2558 1175 2624 Dium

35 2665 43 2687 ·
100 2656 191 2720 esset,
202 2645 385 2727 maenibus,
399 2645 453 2727 qni
465 2643 645 2708 tenaciorem
657 2643 734 2727 regi,
751 2651 896 2707 venturos.

150 2729 318 2795 XXXIX.
343 2729 471 2798 littam
498 2727 627 2815 quidem
650 2728 692 2793 ab
717 2727 783 2795 Dio
806 2728 936 2794 Perseus
962 2730 994 2794 in
1020 2732 1173 2797 interiora

105 2818 197 2904 negari
225 2816 368 2900 recipit¹¹¹
383 2837 425 2892 se,
442 2815 503 2880 leri
526 2838 603 2884 aura
623 2814 690 2901 spei
708 2815 841 2900 objecta,
858 2815 944 2901 quod
960 2818 1101 2883 Marcius
1123 2820 1171 2903 ip·

107 2905 172 2968 sius
194 2924 303 2966 caussa
332 2904 502 2986 suscepisse
523 2925 557 2966 se
579 2902 769 2989 legationem
797 2900 939 2966 dixisset.
1000 2903 1077 2967 Post
1105 2905 1172 2969 dies

106 3010 226 3074 paucos
240 2987 280 3051 ad
296 2988 503 3052 constitutum
517 2991 625 3052 locum
640 3002 803 3052 venerunt.
849 2986 992 3074 Magnus
1006 2991 1172 3052 comitatus
1181 3009 1309 3071 sonoqu.

107 3074 168 3139 ibit
182 3074 296 3160 regius,
313 3095 411 3158 quum
430 3074 616 3153 amicorum,
631 3086 699 3137 tum
721 3071 890 3136 satellitum
914 3074 1010 3137 turba
1025 3073 1172 3156 stipante.
1182 3087 1223 3120 ⁰¹1¹
1231 3076 1335 3123 interre-

109 3160 186 3226 Non
208 3162 333 3224 minore
353 3158 480 3245 agmine
505 3159 601 3245 legati
623 3169 789 3235 venerunt,
802 3169 835 3220 et
857 3160 895 3221 ab
911 3158 1039 3223 Larissa
1065 3140 1332 3250 multisffi‘ssffi

107 3244 378 3332 prosequentibus,
409 3257 441 3308 et
466 3244 676 3330 legationibus
702 3244 887 3323 civitatium,
916 3266 988 3328 quae
1016 3216 1211 3309 consene-ga

106 3343 181 3396 rant
196 3331 367 3405 Larissam,
383 3344 415 3394 et
437 3334 623 3394 renunciare
643 3330 776 3393 domum
792 3341 888 3406 certa,
905 3352 977 3412 quae
999 3331 1171 3413 audissent,

106 3415 267 3480 volebant.
314 3415 420 3480 Inerat
443 3438 520 3480 cura
542 3415 638 3480 insita
662 3413 848 3478 mortalibus
863 3414 991 3478 videndi
1004 3418 1172 3502 congredi·

107 3517 197 3568 eritas
210 3500 350 3570 nobilem
365 3522 483 3588 regem,
499 3513 532 3565 et
551 3501 664 3586 populi
678 3499 829 3584 principis
851 3511 1006 3564 terrarum
1028 3504 1170 3567 omnium

106 3589 239 3676 legatos.
284 3586 454 3672 Postquam
469 3588 501 3649 in
516 3599 689 3671 conspeetu
702 3598 868 3662 steterunt,
884 3585 1052 3653 dirimente
1066 3612 1169 3668 amne,

104 3673 280 3760 paullisper
294 3671 558 3737 internuntiando
577 3670 737 3736 cunctatio
752 3670 822 3748 fuit,
840 3672 903 3735 utri
917 3675 1172 3757 transgrederen-

105 3776 169 3826 tur.
192 3756 313 3843 allquid
336 3758 382 3822 illi
404 3758 500 3845 regiae
520 3759 686 3844 majestati,
700 3756 820 3842 aliquid
840 3756 876 3820 hi
900 3759 1010 3845 populi
1034 3759 1173 3826 Romani

374 3896 383 3936 ¹
395 3899 568 3948 weron
578 3898 648 3946 Cres·
713 3899 733 3929 Β
744 3899 826 3959 reecpit
835 3897 903 3946 Eud.

102 4038 205 4089 aeduin,
222 4035 353 4094 legendum
370 4047 423 4080 esse
436 4037 545 4094 mure,
560 4035 625 4095 quod
673 4032 721 4082 -ss
735 4033 771 4081 Bt
786 4034 895 4094 quam
913 4034 1029 4096 charmei}
1059 4029 1174 4078 lindiss-

71 4117 75 4126 ·
104 4099 221 4162 Qudne
232 4099 348 4145 voluerat·
656 4105 711 4144 rent
729 4099 846 4158 quasdam
865 4098 984 4149 deitates,
993 4109 1049 4154 quoe
1065 4094 1175 4162 dissensi

133 4164 167 4212 sl
185 4161 396 4212 Potesttamen-u
415 4155 493 4223 tegis]
522 4163 556 4221 At
577 4162 626 4208 duo
657 4170 720 4217 mat,
735 4165 768 4209 ab
780 4161 888 4208 lomenia
902 4167 927 4204 et
944 4159 1174 4207 temeratoribus

102 4240 176 4288 regas
191 4225 390 4278 nominantem,
403 4223 627 4286 Philippusetnn
658 4223 949 4273 dsammoeoetnmm
963 4232 1175 4283 cousummasset

103 4291 210 4339 aonam
245 4288 469 4351 negeugongss.
659 4286 1009 4413 mzhmwwnt.
1050 4289 1052 4294 “
