2942 4750
425 223 517 282 LIB.
537 223 650 281 XLIII.
678 225 775 282 CAP.
797 225 852 284 XI.
1122 231 1178 284 rot

123 400 264 460 venerat,
285 395 359 447 sunt
380 383 497 448 audita.
542 384 677 468 Propter
697 407 769 469 quse
791 386 882 449 veriti
906 381 1024 461 Patres,
1047 401 1324 470 nequeuntes.

122 472 230 532 rna‘or
256 468 430 554 ignominia
451 470 651 551 acciperetur,
677 467 797 552 legatos
820 472 850 531 in
877 469 1111 545 Macedoniam,
1134 463 1327 534 Mallem

123 555 179 617 tiu
193 557 275 618 vium
293 553 451 629 Flaccum,
468 567 499 616 et
517 553 566 617 M.
583 554 751 617 Caninium
769 554 930 630 Rebilum,
948 557 1114 630 miserunt,
1129 557 1184 639 qui

127 653 301 721 comperta,
326 660 398 722 quae
419 651 594 723 agerentur,
618 638 786 701 referrent:
816 655 847 702 et
869 643 941 701 “nt
958 643 999 703 A.
1025 638 1185 703 Hosa'lius

126 723 237 786 consul
251 724 379 785 comitia
392 722 572 785 consulibus
581 723 789 808 subrogandis
805 724 848 786 ita
861 724 1009 803 ediceret,
1023 726 1068 786 uti
1077 745 1185 788 mense

128 808 283 873 ianuario
302 807 429 869 coniitia
450 808 558 869 haberi
579 821 716 890 possent,
732 823 765 871 et
787 824 820 869 ut
841 811 945 889 primo
963 831 1091 893 quoque
1105 822 1185 871 tem-

125 914 207 976 pore
236 892 270 953 in
300 893 408 954 arbem
440 891 566 954 rediret.
621 893 750 955 interim
789 892 870 955 ⁴⁶M.
895 895 1026 955 llaocio'l
1054 894 1196 977 praetori·

128 975 327 1049 mandatam,
353 989 389 1038 at
410 977 514 1039 edicto
535 989 693 1039 senatores
717 998 826 1039 ornnes
848 1000 886 1039 ex
906 990 973 1040 tota
998 978 1090 1041 ltalia
1111 980 1185 1061 (nisi

153 1062 184 1125 ui
212 1060 395 1143 reipublicae
421 1083 530 1123 caussa
557 1061 712 1139 abessent)
740 1062 875 1125 Rotnani
904 1076 1074 1125 revocaret.
1117 1063 1186 1138 Qui

186 1166 247 1208 mae
261 1157 372 1221 essent,
387 1167 428 1208 ne
449 1147 519 1230 quis
538 1146 621 1208 ultra
637 1146 721 1207 mille
741 1167 892 1228 passuum
908 1148 947 1210 ab
976 1149 1078 1209 Roma
1099 1147 1186 1210 abes·

126 1230 203 1295 neti
247 1230 306 1303 Ea,
322 1233 369 1292 uti
387 1244 512 1293 senatus
533 1232 665 1305 censuit,
682 1247 757 1292 sunt
777 1231 868 1294 iacta.
912 1233 1050 1294 Comitia
1071 1250 1304 1298 consu-crinium

131 1316 209 1378 laria
236 1317 340 1377 “ante
368 1315 450 1378 diem
488 1317 632 1399 quintum
665 1314 826 1377 Kalendas
863 1316 1060 1398 Septembres
1089 1316 1186 1381 fuere.

132 1399 239 1463 Creati
261 1400 404 1462 consules
425 1415 499 1462 sunt
521 1400 563 1473 Q.
584 1399 725 1461 Marcius
751 1399 915 1481 Philippus
937 1403 1047 1462 iterum
1070 1417 1101 1464 et
1124 1402 1185 1466 Ca.

132 1484 282 1548 Servilius
304 1484 426 1564 Coepio.
454 1496 526 1567 post
537 1483 627 1546 diem
648 1485 775 1545 tertium
791 1501 942 1565 praetores
963 1498 1036 1548 sunt
1049 1485 1123 1548 sacti
1146 1487 1186 1551 C.

135 1568 308 1643 Decimius,
329 1569 377 1632 M.
395 1569 548 1631 Claudius
573 1568 753 1640 Marcellus,
770 1568 808 1631 C.
827 1568 984 1652 Sulpicius
1007 1571 1131 1648 Gallus,
1148 1570 1186 1633 O.
1214 1597 1223 1611 ·

39 1690 45 1699 ·
137 1652 279 1718 Marcius
295 1653 437 1735 Figulus,
453 1655 521 1716 Ser.
534 1652 703 1714 Cornelius
720 1653 885 1731 Lentulus,
903 1655 938 1719 P.
955 1656 1105 1717 Fonteius
1127 1654 1187 1717 Ca·

131 1740 210 1823 pito.
255 1738 434 1820 Designatis
454 1738 644 1820 praetoribus
667 1751 779 1820 praeter
800 1739 878 1812 «luas
893 1743 1037 1816 urbanas,
1054 1753 1189 1824 quatuor
1289 1757 1293 1766 ·

132 1823 305 1906 provinciae
325 1835 398 1886 sunt
418 1822 572 1898 decretae3
598 1821 766 1905 Hispania,
782 1836 814 1887 et
836 1825 993 1899 Sardinia,
1017 1836 1049 1886 et
1072 1822 1187 1899 Sicilia,

133 1923 167 1970 et
184 1908 297 1970 classis.
343 1908 453 1988 Legati
475 1930 514 1970 ex
539 1908 737 1988 Macedonia,
760 1927 871 1972 exacto
891 1908 1061 1971 admodum
1084 1923 1279 1970 mensesutus
1288 1934 1326 1966 re·

135 1992 317 2065 Februario,
335 1995 502 2055 redierunt.
551 1993 604 2067 Hi,
621 2015 698 2078 quas
714 2014 763 2055 res
778 2017 814 2057 ea
835 2006 943 2068 astate
957 2015 1107 2078 prospere
1120 1987 1284 2076 mmmm
1294 1983 1348 2029 M*

133 2077 223 2140 sisset
237 2099 294 2140 rex
311 2077 453 2152 Perseus,
475 2081 660 2152 referebant,
676 2095 872 2164 quantusque
894 2082 988 2143 timor
1010 2082 1110 2143 socios
1132 2051 1302 2162 ρο-οοάῦιιιι

133 2161 202 2245 puli
220 2162 356 2224 Romani
378 2166 517 2244 cepisset,
534 2176 582 2226 tot
600 2164 731 2226 urbibus
755 2166 785 2225 in
809 2180 992 2246 potestatem
1016 2167 1096 2250 regis
1119 2164 1190 2227 red·

132 2248 223 2309 actis.
278 2249 452 2307 Exercitum
476 2250 602 2310 corallis
628 2248 844 2329 infrequentem
873 2251 1080 2312 commeatibus
1104 2251 1192 2331 vulgo

131 2331 221 2391 datis
234 2331 320 2407 ⁴⁸per
341 2330 530 2393 ambitionem
552 2353 631 2393 erse:
661 2333 779 2409 culpam
795 2331 855 2409 ey'ur
869 2334 915 2393 rei
928 2335 1074 2394 connium
1087 2334 1122 2392 in
1135 2335 1192 2394 tri·

136 2414 234 2475 banos
247 2412 385 2483 militum,
395 2424 499 2473 contra
515 2418 584 2475 illos
598 2415 630 2471 in
644 2415 790 2472 connatam
805 2416 949 2495 corpserre.
978 2416 1193 2495 Ignominiam,

135 2498 270 2561 Claudii
293 2498 460 2557 temeritate
478 2505 640 2576 uccqrtum,
655 2496 676 2527 ⁴⁹
685 2496 803 2555 eleuare
823 2516 871 2557 eor
886 2498 995 2558 Patres
1008 2507 1194 2576 acceperuut,

135 2584 191 2666 qai
198 2600 373 2662 perpaucos
386 2579 494 2645 Italici
512 2579 643 2663 generis,
659 2589 688 2641 et
703 2599 818 2660 magna
840 2601 876 2647 ec
895 2590 984 2659 pane
1000 2582 1196 2645 tumidtuario

38 2690 47 2714 ⁸
127 2667 254 2733 ,delectu
274 2666 456 2747 corucriptos
476 2665 520 2728 ibi
544 2664 655 2726 milites
676 2664 798 2725 amissos
813 2664 994 2747 referebant.
1041 2664 1194 2730 Consules

138 2750 306 2835 designati,
325 2748 377 2811 ubi
392 2750 530 2833 primum
551 2748 767 2833 magistratum
790 2750 928 2827 inissent,
944 2749 984 2810 tle
1005 2748 1195 2815 Macedonia

140 2835 256 2897 referre
275 2835 314 2898 ad
337 2850 478 2897 senatum
496 2835 593 2918 jussi:
624 2833 848 2918 destinataeque
868 2835 1042 2916 provinciae
1062 2834 1101 2897 iis
1121 2849 1194 2900 suut

141 2919 234 2984 ltalia
246 2936 279 2983 et
301 2918 497 2984 Macedonia.
542 2920 615 2985 Hoc
637 2940 721 2982 anno
743 2919 961 2983 intercalatum
983 2933 1049 2983 est:
1071 2922 1195 2985 ”tertio

367 3043 459 3091 ¹¹Retio
469 3046 542 3091 Gran.
554 3046 622 3090 Crer.
763 3034 878 3089 *meme
887 3045 961 3089 Gron.

173 3143 207 3191 45
225 3143 427 3191 UtA-Hostiliss
443 3143 590 3201 ...conrffla
604 3170 649 3185 ...
681 3142 718 3186 sti
733 3141 938 3187 marsuano
956 3140 1032 3187 baberi
1047 3145 1155 3200 pamla
1172 3150 1197 3188 et

142 3212 176 3254 tta
191 3207 294 3259 edm,
309 3209 344 3251 ati
361 3219 435 3251 mesra
450 3206 567 3251 Janwrio
583 3205 651 3249 emrt-
682 3205 756 3257 intra,
767 3208 820 3261 post
831 3206 957 3250 consulum
967 3211 1148 3264 proeurrumqua
1158 3219 1197 3253 co·

141 3274 175 3317 tle
190 3270 268 3315 halari
281 3267 381 3329 possem]
394 3268 471 3313 Vacat
492 3267 608 3327 posterius
625 3267 654 3311 il·
675 3269 764 3320 ,mitia
783 3266 856 3325 legati
865 3279 896 3311 ex
909 3267 1049 3323 Macedonia
1064 3272 1142 3315 crarta
1156 3267 1197 3315 ad·

142 3336 186 3381 lud
199 3334 300 3389 ronuta
317 3339 345 3377 ut
359 3334 470 3377 observat
489 3337 552 3377 recte
563 3331 655 3375 Grono·
686 3329 993 3376 modsmmeanebraario
1001 3332 1197 3380 rediistememo-

144 3400 204 3445 vius.
685 3400 776 3439 rantur.

179 3461 211 3506 46
236 3458 279 3507 Μ,
299 3459 369 3505 nerto
388 3459 484 3517 mort
509 3454 654 3517 mandatum
717 3454 823 3502 aava
844 3455 998 3517 ambitionem]
1026 3457 1072 3503 Per
1097 3471 1197 3517 praem

145 3525 210 3583 Ergo
222 3522 258 3568 Μ.
275 3523 359 3569 aeuus
377 3527 464 3579 praetor
483 3522 589 3566 urbanus
610 3520 656 3564 hoc
687 3519 872 3578 indulgentiam.
882 3521 1006 3578 captandae
1022 3521 1128 3567 rnilitum
1143 3534 1198 3582 grs-

143 3586 272 3633 aanofult.
306 3586 371 3630 Editl
385 3586 500 3634 hactenus
509 3585 598 3631 habant
611 3581 656 3627 Rs-
688 3583 818 3627 tiaecaum.

143 3652 186 3696 eia.
219 3650 320 3708 Pighius
339 3662 381 3707 per
398 3648 577 3706 diphthongum
587 3646 657 3690 effert
723 3645 756 3691 49
776 3644 873 3690 trema
893 3658 929 3693 aas
948 3643 1033 3693 Patres
1053 3646 1198 3709 acceperam]

144 3716 190 3761 hoc
201 3712 404 3765 nomemltoecias.
434 3710 510 3757 Nobis
525 3708 657 3765 consarltius
689 3708 745 3755 Duo
760 3715 879 3768 postrema
889 3711 960 3769 verba
974 3710 1027 3759 dete
1043 3724 1100 3757 cum
1116 3710 1199 3756 Frein-

145 3779 331 3823 visumestesm
344 3775 409 3833 seqru
419 3775 571 3832 scripturam,
583 3785 656 3829 quam
688 3772 782 3818 shemio
792 3778 816 3816 et
827 3772 951 3819 Gronovio.
993 3774 1038 3820 Sed
1058 3774 1118 3820 nihil
1134 3772 1201 3818 aliud

143 3839 304 3899 reperimust.
317 3838 428 3883 xxvn.
451 3834 607 3887 Liviiassli·
616 3836 657 3880 ubi
690 3837 835 3881 novandum.
876 3835 966 3882 Dicunt
988 3837 1061 3897 legati
1084 3846 1201 3891 magmas

145 3904 187 3951 Μ.
201 3902 292 3955 listins.
302 3902 402 3947 fortasse
413 3897 485 3959 hujus
496 3897 606 3957 praetoris
617 3911 658 3956 pa-
689 3911 741 3943 esse
756 3899 849 3944 cladem
867 3911 921 3943 eam
936 3914 990 3959 qun
1001 3903 1048 3959 Ap.
1060 3894 1154 3943 Claudii
1166 3901 1201 3940 te-

146 3976 192 4021 ter,
204 3966 240 4010 sic
251 3965 389 4010 nominatur
399 3970 424 4007 et
434 3963 552 4007 scribitur.
690 3963 799 4007 maritate
817 3968 914 4020 accepta
931 3964 1027 4008 iuerat:
1049 3968 1137 4014 conque
1158 3958 1201 4015 qul

180 4029 211 4075 st
235 4028 297 4074 Ante
327 4027 387 4072 mem
413 4027 518 4083 quintum
545 4022 660 4069 Kalendas
690 4026 824 4071 referebant
835 4036 964 4084 perpaucos
973 4023 1050 4069 italici
1066 4018 1159 4078 generis
1174 4020 1201 4066 in

144 4091 300 4198 ὄφεών
316 4090 380 4149 Lege
392 4088 491 4135 omuino
507 4099 563 4133 cum
576 4086 661 4145 Pighio
692 4101 720 4133 aa
729 4089 838 4139 amissos,
850 4089 942 4133 elevare
953 4098 985 4131 ac
995 4085 1103 4128 minuere
1118 4089 1202 4130 eontra

146 4154 265 4203 Kaiadas
299 4153 423 4199 emoriar.
457 4151 534 4210 Supra
550 4150 615 4196 enim
625 4151 661 4203 di·
692 4152 727 4197 rei
748 4151 874 4196 veritatem
895 4149 959 4193 illius
980 4145 1053 4191 cladis
1073 4144 1201 4206 ignoratur.

146 4214 741 4273 aimanosuttoimpentum.itaar·aaa
1210 4248 1214 4263 ,

146 4279 363 4333 maeones-e
389 4277 537 4353 monn
558 4276 660 4341 aare.
725 4267 1202 4335 ermemmarus
