2942 4750
387 198 482 258 LIB.
502 198 601 258 XLII.
629 198 732 257 cAP.
753 197 880 258 LXVII.
1125 205 1162 258 9³

100 370 199 424 erant
224 357 399 425 adventuri.
454 360 575 426 Consul
602 362 803 426 anteveniens
827 359 988 445 extemplo
1015 359 1164 444 proelium
1173 373 1203 419 n.
1214 372 1241 418 c.
1253 372 1306 420 ml.

102 446 275 511 conseruit.
322 445 434 510 Primo
448 447 590 511 resistere
605 446 815 523 Macedonem
837 446 963 521 deinde,
979 459 1016 510 ut
1031 445 1118 509 nulls
1130 440 1205 510 re*u
1216 437 1242 484 ὓ
1256 435 1307 482 ΠΙ·

102 552 197 616 pares
210 543 311 608 eram,
324 532 445 595 amissis
458 533 630 596 trecentis¹K
643 532 812 616 peditibus,
824 533 1088 618 vigintiquatuor
1102 531 1166 614 pri·

106 615 250 681 moribus
263 618 404 702 equitum
418 619 489 680 ”ex
504 617 565 694 ala,
581 640 676 702 quam
699 618 828 682 Qum
853 634 976 696 vocant,
990 616 1075 681 inter
1088 637 1168 700 quos

105 701 318 766 Antimachus
342 703 438 767 etiarn
466 705 635 786 praeiectus
656 703 714 766 alre
740 702 863 780 cecidit,
887 702 973 767 abire
999 712 1168 765 conantur.

106 786 262 852 &semin
285 788 345 852 iter
367 807 469 872 prope
492 789 563 872 ipso
587 787 702 871 proelio
725 788 948 853 tumultuosius
969 786 1038 852 fuit.
1084 785 1167 861 Pha·

101 871 192 947 lanx,
218 872 275 935 abs
299 875 423 957 trepido
446 874 565 937 nuncio
583 874 699 950 surita,
721 895 820 957 quum
845 875 960 957 ruptim
984 871 1166 949 duceretur,

102 958 211 1042 primo
232 959 267 1021 in
288 958 442 1045 angustiis
464 959 660 1041 captivorum
685 961 804 1042 agmini
827 958 933 1023 oblata
953 958 1167 1043 vehiculisque

104 1041 268 1108 inrmeutc
296 1045 436 1108 onustis:
458 1043 526 1106 ²'iis
551 1045 648 1121 cresis,
673 1045 815 1131 ”ingens
845 1044 890 1108 ibi
915 1044 1041 1107 vexatio
1067 1043 1167 1127 partis

104 1129 275 1213 utriusqus
302 1128 371 1206 snit,
393 1129 486 1193 nullo
511 1141 723 1214 exspectate,
748 1132 932 1216 utcumque¹
956 1128 1167 1214 explicaretur

103 1235 233 1301 agmen,
249 1215 304 1277 sed
317 1216 445 1279 armatis
458 1214 699 1280 detrudentibus
713 1237 771 1300 per
785 1237 927 1300 princeps
942 1214 1166 1299 inpedimenta,

106 1301 320 1384 (nequeenim
331 1300 421 1365 aliter
431 1301 483 1365 ria
492 1301 607 1385 aperiri
620 1304 758 1386 potarat)
767 1300 930 1387 jumentis,
943 1321 1040 1384 quum
1054 1301 1167 1364 stimu-

104 1384 259 1463 larentur,
286 1385 319 1448 in
341 1389 436 1451 turba
455 1387 667 1452 saevientibus.
709 1387 773 1451 Vix
793 1386 834 1450 ab
856 1384 1020 1450 incondito
1041 1388 1169 1472 agmine

106 1472 305 1555 captivorum
319 1472 525 1556 expedierant
538 1494 618 1553 sese,
633 1493 733 1558 quum
754 1472 841 1559 regio
862 1471 981 1557 agmini
1002 1471 1168 1555 perculsis·

106 1578 171 1642 que
184 1556 342 1641 equitibus
361 1557 547 1623 obcurrunt.
594 1556 646 1621 lbi
660 1578 734 1620 vero
748 1557 867 1622 clamor
876 1558 1056 1643 jubentium
1072 1556 1170 1621 refer-

105 1663 147 1707 re
160 1643 249 1740 tigna
262 1643 364 1707 ruinae
385 1665 512 1729 quoque
533 1663 634 1727 prope
655 1642 788 1707 similem
810 1644 1053 1727 trepidationem
1071 1643 1167 1706 fecitr

106 1740 158 1807 ut,
171 1749 201 1789 st
213 1726 330 1804 hostes,
347 1728 479 1793 introire
500 1729 660 1815 angustias
676 1729 753 1810 ansi,
769 1731 894 1817 longius
909 1727 1041 1792 insecuti
1055 1740 1169 1802 essent,

17 1830 18 1833 ’
106 1833 227 1896 msgna
248 1813 354 1878 clades
370 1815 472 1899 accipi
486 1815 636 1899 potuerit.
682 1814 813 1895 Consul,
835 1826 964 1898 recepto
985 1834 1025 1876 ex
1046 1809 1171 1874 tumulo

17 1908 19 1951 l
105 1898 268 1982 praesidio,
284 1912 450 1964 contentus
464 1900 592 1965 modico
613 1922 766 1981 successu,
781 1901 814 1964 in
837 1894 941 1965 co'stra
956 1896 1061 1981 copias
1076 1894 1169 1960 redu·

102 1983 168 2047 xit.
202 1985 293 2059 Sunt,
305 1987 360 2071 qui
375 2009 412 2050 eo
423 1987 474 2050 die
490 2008 605 2075 magno
620 1987 734 2071 proelic
748 1998 925 2074 pugnatum
938 1997 1080 2049 auctores
1095 1982 1169 2048 sint.

101 2081 183 2133 octo
205 2069 303 2134 millia
327 2071 464 2137 hostium
490 2095 580 2151 caesa,
597 2073 630 2136 iu
654 2073 704 2136 his
725 2074 895 2157 Sopatrum
916 2084 948 2136 et
962 2068 1169 2153 Antipatrum

100 2156 214 2239 regios
232 2155 346 2221 duces:
368 2158 455 2222 vivos
477 2173 585 2243 captos
606 2158 731 2223 circiter
752 2161 816 2223 duo
837 2158 935 2223 millia
957 2157 1168 2242 octingentos,

98 2244 478 2392 uniti
497 2244 790 2393 visiteris
803 2239 1171 2391 lim

97 2405 254 2474 consulis
267 2351 434 2475 cecidissel
454 2350 544 2496 signa
557 2417 576 2446 ²¹
587 2413 722 2473 sinistrae
738 2413 796 2470 sloe
810 2411 950 2506 quinque
965 2410 1088 2472 amiam.

100 2531 106 2544 ·
155 2491 307 2557 LXVll.
329 2494 395 2557 Hic
414 2494 483 2558 dies
504 2506 535 2556 ct
558 2494 712 2557 Romanis
732 2492 841 2556 refecit
858 2511 991 2569 animos,
1007 2491 1040 2555 et
1059 2491 1318 2558 Perseurmm

103 2577 260 2679 pretulit,
284 2590 329 2656 ut,
353 2578 422 2644 dies
442 2599 559 2680 paucos
580 2577 622 2643 ad
644 2578 808 2663 Mopsium
831 2589 979 2655 moratus,
1002 2579 1172 2662 sepulturm
1183 2570 1293 2621 ΗΜ·

38 2681 48 2702 ·
104 2685 252 2730 maxime
274 2664 410 2729 militum
435 2686 622 2730 amissorum
643 2685 729 2741 eura,
744 2662 895 2748 praesidio
916 2664 990 2728 satis
1011 2662 1117 2727 valido
1129 2636 1325 2730 ad¹¹¹¹¹²¹¹⁰⁶¹²

18 2751 19 2756 ’
107 2749 266 2815 Gonnum
289 2751 409 2830 relicto‚·
425 2752 459 2815 in
472 2749 704 2816 ‘lllncedoniam
725 2749 878 2834 reciperet
899 2751 1013 2835 copias.
1058 2749 1170 2814 Timo-

106 2835 223 2899 theum
238 2837 405 2919 quemdam
421 2859 460 2901 ex
475 2837 569 2922 regiis
607 2835 742 2900 roefectis
762 2858 835 2901 cum
856 2836 980 2901 modica
1000 2857 1097 2900 manu
1121 2858 1170 2901 re-

19 2995 20 2998 *
107 2921 228 3006 linquit
241 2921 282 2984 ad
298 2921 432 3000 Philam,
444 2924 568 3007 jussum
625 2927 755 3022 agnetae
775 2932 808 2985 et
829 2922 1024 3006 propinquos
1038 2934 1170 2986 tentore.

108 3005 225 3080 Quum
251 3006 371 3071 Pellam
396 3008 539 3084 venisset,
566 3021 703 3072 exercitu
726 3009 761 3070 in
782 3007 916 3072 hiberna
940 3006 1081 3083 dimisso,
1105 3008 1172 3088 ipse

108 3111 187 3155 cum
202 3091 578 3177 Cotye'l'hsssalcnicam
593 3104 640 3157 est
652 3092 823 3177 proiectus.
860 3092 911 3157 Ec
923 3092 1009 3156 fama
1021 3088 1170 3168 adfertur,

113 3175 273 3241 Atlesbim
287 3177 431 3265 regulum
448 3176 621 3254 Thracum,
636 3187 668 3242 et
683 3177 859 3264 Corragum
876 3175 1172 3327 Eumeniqppaeiec-

19 3279 25 3304 ¹
109 3275 193 3341 tum,
207 3261 247 3325 in.
258 3261 368 3348 Cotyis
381 3263 460 3328 iines
475 3266 616 3348 inpetum
632 3261 755 3328 iecisse:
779 3277 809 3328 et
827 3263 1001 3350 regionem,
1077 3284 1171 3327 renen

34 3363 47 3390 ·
114 3368 209 3432 quam
225 3361 349 3426 vocant,
366 3351 494 3434 cepisse.
539 3350 659 3434 ltaque,
675 3347 897 3413 dimittendum
922 3349 1027 3434 Cotyn
1051 3348 1091 3413 ad
1116 3370 1173 3412 sua

112 3432 233 3498 tuenda
266 3449 363 3516 ratus,
400 3434 523 3522 magnis
555 3434 803 3520 proficiscentem
836 3434 930 3499 donis
963 3435 1171 3519 prosequitur.

323 3554 443 3605 ktrecenis
453 3558 529 3604 Grcn.
657 3554 757 3619 ¹[dsra]
769 3561 889 3618 suamque
896 3557 964 3604 Cres.

147 3670 180 3717 28
199 3667 241 3713 22
261 3670 299 3716 uls
328 3683 397 3730 psum
418 3670 515 3717 &mm
536 3671 628 3734 11⁰ch
661 3671 724 3723 culs,
742 3672 915 3731 ineptumestr
931 3672 1172 3733 siudcsptlvos,ps-

112 3734 629 3781 Jmmenuotsctaestsrrerarumstanun
660 3735 863 3782 rumverisimlle.
895 3736 1173 3796 Aliquidmendllatsre

112 3809 245 3908 {lado
251 3795 295 3907 ld.
314 3797 629 3921 wggulqetssfflqml.
659 3799 829 3922 ”affligem
844 3863 875 3910 nt
891 3866 980 3911 mutio
992 3865 1071 3924 partis
1085 3861 1173 3906 stritt-

114 3923 422 3984 rumdascircalpsum
444 3926 630 3984 regemsolitss
660 3926 713 3989 qur]
741 3925 807 3973 'l'um
836 3928 970 3989 phalangis,
994 3935 1048 3972 tum
1076 3923 1174 3969 Creten·

114 3988 431 4048 enepuguere‚aituendn
446 3989 570 4046 speciatim
588 3990 629 4035 ad-
660 3989 788 4052 tlum,qul
798 3991 947 4038 deducebant
960 3989 1174 4049 mptlvfflsslst·

115 4050 631 4111 dietauundeetipsislortaueducrursm
662 4053 726 4101 dam.
760 4045 1174 4121 musquesequunturputlcuh

116 4116 328 4162 nomeniuditurn.
362 4113 415 4160 Nsc
430 4113 503 4160 aliam
520 4127 572 4161 essa
587 4116 631 4163 du·
662 4113 1132 4173 emeremnovumemesdrceuut·

116 4179 194 4225 diuus
212 4180 303 4238 regiam
320 4178 569 4232 riomensemoratarn
589 4179 630 4226 Ll-
691 4180 721 4229 81
740 4183 850 4230 sunno
869 4179 924 4241 ula]
941 4174 1037 4224 stnisu'l
1055 4175 1174 4224 mionun

118 4242 182 4288 vicl.
196 4241 420 4290 nmmo.
660 4244 892 4309 peditumccrporis·

150 4304 320 4370 rurum]
337 4304 630 4356 Sihccrffermdrelti·
