2942 4750
252 124 296 225 ix
632 62 977 201 sissinio.

257 319 450 398 ubiox.
473 344 508 395 c.
532 327 592 395 46.
615 344 764 396 summa
789 321 930 419 argenti
949 319 998 394 eb
1020 312 1172 416 Papirio
1195 320 1352 397 consule
1424 340 1433 363 ·

255 437 297 512 in
313 435 500 534 triumpbo
522 436 690 510 translati
716 437 771 511 sic
787 437 827 510 in
849 435 1022 517 omnibus
1044 432 1271 512 eddonims
1286 444 1356 511 iio·

257 560 373 627 tatur:
398 555 548 654 urgenti
559 551 614 626 P.
625 551 688 625 Μ.
707 549 961 627 CCCXXX.
989 548 1261 649 Nemo‘estqiii
1277 577 1358 627 non
1436 636 1440 644 ,

257 667 385 742 videat
399 668 468 741 bes
484 675 595 740 notus
611 667 652 740 in
667 666 768 741 hunc
793 667 951 740 modum
966 664 1147 763 legendas
1163 690 1269 741 esse:
1294 666 1357 742 nr·
1401 687 1408 708 ·

224 884 228 890 ι
252 785 362 883 genti
379 784 503 880 pondo
526 783 627 855 mille
651 793 811 856 trecens
835 784 1019 882 triginta:
1043 805 1116 855 nec
1140 804 1224 854 eain
1239 781 1357 856 babe-

258 920 342 970 mus
369 895 418 968 de
447 894 666 969 doctissimo
692 896 771 969 viro
792 895 1017 994 opinionem,
1042 906 1086 969 ut
1107 895 1181 969 boc
1207 894 1358 993 ignora·

258 1020 339 1085 tuni
366 1035 449 1084 esse
478 1011 527 1083 ab
548 1034 595 1084 eo
617 1011 883 1109 potiusquam
904 1011 1040 1110 raptim
1063 1021 1112 1084 et*
1127 1010 1359 1109 negligenter
1416 1002 1428 1034 ⁸

257 1125 468 1224 inspectum
500 1126 730 1200 arbitremur.
783 1127 861 1201 Sed
894 1126 957 1201 ille
989 1124 1258 1224 interpretatus
1284 1130 1356 1214 est,

260 1241 437 1318 Penmioe
451 1242 570 1316 millia
590 1241 823 1318 COEXXX
850 1242 1027 1325 Quonam
1042 1240 1159 1315 modo
1175 1264 1263 1315 eum
1277 1265 1359 1315 non

259 1366 446 1433 ienioreta
460 1366 519 1431 est
533 1357 644 1452 hujus
659 1357 870 1445 locutionis,
889 1357 1067 1432 Pecuniae
1087 1359 1208 1431 ninia
1223 1370 1358 1432 trucem

172 1480 175 1486 ’
259 1485 312 1560 tu,
329 1482 461 1548 cerens
478 1471 582 1546 omni
595 1496 709 1547 sensu
724 1472 924 1547 vitiositas?
951 1472 1139 1547 Nimirum
1155 1470 1358 1570 properen-

259 1598 338 1663 tem
365 1588 554 1663 calumum
578 1596 617 1662 et
646 1598 872 1664 metuentem
899 1588 1018 1663 litiirae
1047 1588 1166 1661 multa
1197 1588 1360 1662 subeunt

260 1702 498 1791 inconcinna,
521 1703 744 1792 inconsulta,
771 1704 995 1778 scribenti
967 1728 1068 1802 saepe
1085 1726 1219 1802 paroni
1245 1702 1358 1778 deco-

100 1842 243 1894 mci«
262 1843 316 1894 ru.
368 1818 433 1894 An
456 1819 618 1896 aliterse
642 1845 702 1895 res
725 1820 863 1895 babere
887 1818 1104 1918 potestubi
1127 1821 1359 1894 notaeiude·

101 1908 195 1959 Μ’
260 1940 677 2023 mendosum,
694 1939 1216 2035 mdiumproeulqeaesiiae
1233 1937 1358 2017 statim

262 2049 537 2125 extruduntur
526 2073 568 2123 in
579 2050 773 2146 publicem
797 2049 947 2124 lucem?
973 2052 1014 2126 Si
1030 2051 1226 2150 diligenter
1240 2063 1281 2127 et
1296 2078 1358 2129 ac-

264 2173 392 2241 curate
407 2162 676 2263 interpretandi
692 2164 790 2240 Livii
814 2189 951 2241 munus
975 2167 1077 2240 bend
1095 2168 1186 2242 setis
1203 2168 1359 2265 dignum

263 2289 355 2367 erat,
371 2279 412 2359 in
426 2281 532 2379 quod
548 2280 734 2356 uberrima
753 2281 915 2356 bominis
938 2282 1110 2356 doctii‘iia
1127 2284 1359 2383 impendere·

263 2405 334 2484 tur,
353 2396 778 2495 atcertedignusorbis
804 2398 998 2486 litteratus,
1021 2399 1083 2492 cui
1106 2399 1360 2477 nibilofferre·

263 2520 335 2600 tur,
351 2510 831 2590 musncmmetlimatdm.
1004 2517 1008 2524 '

103 2646 258 2709 snitum·
315 2627 410 2712 Qui
423 2638 504 2706 tam
535 2629 720 2707 incuriose
761 2628 910 2704 livium
944 2633 1168 2720 tractaverit,
1202 2658 1290 2708 euni
1320 2635 1362 2709 in

102 2776 225 2824 ,ιω
264 2740 531 2830 Freinshemio,
559 2743 624 2818 ubi
649 2744 761 2841 longe
786 2745 910 2820 minus
937 2771 1060 2844 operae
1085 2749 1260 2846 pret‘nim
1268 2759 1362 2837 emt,

101 2840 258 2952 mlum
265 2857 494 2953 diligentiam
524 2858 739 2937 adhibuisse
765 2860 903 2933 tiustm
930 2883 1112 2958 sperares:
1162 2863 1262 2961 lpse
1280 2864 1363 2962 qui·

100 2969 237 3085 w*
265 2972 361 3048 dein
374 2971 564 3070 gloriatur,
590 2996 684 3061 sese,
710 2997 827 3071 quum
856 2986 989 3050 cetere
1017 2979 1365 3077 supplenentorum

102 3097 164 3146 Μ
264 3071 652 3164 Freinshemianoium
672 3089 856 3164 editiones
881 3094 1205 3169 innarrabilibus
1225 3098 1366 3172 mendis

262 3207 1055 3308 watermt,eciiigulisftmefoliisaliqnot
1063 3211 1270 3310 sphalmata
1279 3209 1364 3308 grn-

263 3322 416 3398 vissiina
438 3323 635 3397 maesse.
685 3322 861 3404 Quodn
885 3322 1011 3420 alique
1033 3350 1082 3399 ex
1104 3337 1210 3423 parte
1231 3351 1364 3401 verum

263 3459 347 3511 esse
361 3435 520 3510 libenter
534 3434 791 3524 concedimus,
809 3435 862 3509 its
879 3461 927 3512 ex
944 3440 1082 3514 nostii's
1098 3441 1177 3516 sive
1192 3442 1293 3516 notis
1309 3442 1363 3515 ad

265 3550 536 3648 supplementa,
562 3549 640 3625 sive
660 3565 828 3626 errorum
852 3577 877 3625 e
895 3552 1004 3626 nobis
1029 3567 1284 3632 conectoiiim
1307 3557 1366 3631 in·

266 3666 401 3742 diculis
430 3666 633 3765 appaiebit,
660 3677 843 3766 quantum
868 3667 931 3742 ‘itte
958 3668 1096 3744 laborm
1117 3682 1157 3745 et
1180 3670 1365 3746 molestiis

267 3782 449 3859 secuturis
467 3781 672 3858 editoribus
697 3783 1004 3881 inrepnrgandis
1028 3787 1152 3882 operis
1176 3785 1366 3862 utilism'nii

267 3900 495 3976 deformibus
510 3898 667 3974 maculis
682 3897 976 3973 exbeuiiendum
992 3900 1189 4000 reliquerit
1297 3965 1301 3970 .

317 4016 428 4091 ldeni
462 4015 643 4110 adjuncta
670 4014 899 4112 marginibus
930 4014 1105 4092 editionis
1138 4016 1370 4093 Paiisiensis

267 4132 419 4212 nomina
434 4130 669 4228 scriptomin,
685 4153 846 4227 quoium
869 4155 919 4206 ex
942 4131 1257 4209 tontibus-tortos
1271 4158 1372 4210 suns
