2942 4750
211 195 223 208 '
299 201 354 255 108
686 194 794 254 TlTl
828 192 962 253 LlVlI

134 372 202 418 uc.
215 371 269 419 sse
295 357 385 445 ginta
410 355 578 441 majoribus
599 354 711 418 hostiis
732 356 845 440 quibus
868 356 940 419 Diis
961 354 1107 418 consules
1128 355 1351 434 sacrificarent,

134 436 203 482 M·
216 436 269 482 ¹⁶⁹·
297 454 329 506 et
349 439 548 516 addiderunt,
564 439 611 502 uti
631 440 820 524 supplicatio
841 439 941 515 fieret,
960 440 1130 525 cunctique
1152 443 1353 527 magistratus

296 528 381 591 circa
395 525 501 590 omnia
521 523 699 607 pulvinaria
720 526 853 589 victimis
875 524 1044 608 majoribus
1059 525 1279 607 sacrificarent,
1295 549 1355 611 po·

296 615 389 696 pulus
414 632 451 672 ue
473 621 641 672 coronatus
665 621 752 674 esset.
797 610 926 686 Omnia,
950 610 997 672 uti
1018 609 1187 674 decemviri
1208 614 1227 645 ‘¹
1240 616 1356 694 praeie-

297 708 380 770 runt,
428 707 487 757 cta.

135 790 257 837 Censores.
338 778 432 842 XIV.
462 777 656 841 Censorilsus
684 777 799 840 deinde
824 777 967 841 creandis
987 777 1116 841 comitia
1139 778 1242 841 edicta
1270 793 1357 845 sunt.

296 864 457 947 petierunt
470 884 634 925 censuram
649 863 807 947 principes
821 863 967 936 civitatis,
981 863 1019 925 C.
1037 861 1177 926 Valerius
1193 863 1356 943 Laevinus,

298 948 336 1011 1.
355 948 534 1011 Postumius
548 947 694 1026 Albinus,
711 946 747 1009 P.
765 946 892 1009 Mucius
909 946 1058 1024 Suessula,
1076 947 1124 1010 M.
1140 947 1159 1010 J
1163 948 1254 1011 unius
1271 950 1358 1013 Bru·

298 1045 359 1107 tus,
377 1034 414 1097 C.
430 1030 583 1100 Claudius
607 1031 754 1106 Pulcher,
770 1030 823 1092 Ti.
841 1032 1046 1115 Sempronius
1061 1031 1235 1096 Gracchus.
1282 1034 1359 1098 Hos

137 1138 274 1184 Deiectum
298 1117 376 1202 duos
401 1138 543 1180 censores
565 1117 681 1179 creavit
702 1114 838 1197 populus
862 1116 1037 1179 Romanus.
1080 1116 1191 1191 Quum
1214 1117 1357 1184 delectus

136 1202 278 1275 muribus
298 1201 435 1265 habendi
456 1202 567 1285 major,
592 1220 687 1285 quam
709 1200 794 1275 alies,
815 1213 947 1284 propter
970 1198 1214 1263 Macedonicum
1234 1202 1357 1268 bellum

136 1264 239 1311 hm·
297 1308 375 1350 cure
403 1298 491 1362 esset,
522 1285 664 1349 consules
697 1283 819 1366 plebem
851 1285 936 1370 apud
973 1301 1114 1348 senatum
1153 1289 1358 1366 accusabant,

296 1372 412 1457 ”quod
427 1385 459 1434 ct
475 1370 618 1455 juniores
637 1389 702 1431 non
718 1368 954 1450 responderent.
997 1367 1154 1432 Adversus
1181 1393 1261 1455 quos
1282 1374 1358 1436 ⁰0.

300 1456 457 1540 Sulpicius
485 1467 517 1516 et
543 1453 592 1516 M.
615 1452 769 1516 Claudius
790 1454 908 1516 tribuni
931 1455 1030 1537 plebis
1051 1477 1189 1519 caussam
1212 1472 1357 1543 egerunt.

299 1542 373 1604 Non
392 1540 567 1614 consulibus,
590 1540 643 1600 sed
664 1540 831 1600 ambitiosis
852 1540 1026 1616 consilibus,
1042 1541 1185 1611 delectum
1206 1543 1360 1627 eiffeilem

300 1648 370 1691 esse.
398 1626 419 1658 ⁸⁴
431 1625 575 1687 neminem
590 1623 717 1684 invitum
740 1624 865 1685 militem
880 1625 919 1686 ab
934 1626 972 1687 iis
980 1626 1070 1706 fieri.
1107 1627 1178 1688 “Id
1188 1629 1234 1690 ita
1248 1637 1283 1688 stt
1295 1645 1362 1692 esse

299 1715 410 1776 scirent
431 1720 461 1772 et
483 1710 592 1771 Patres
610 1708 780 1788 conscripti,
805 1719 956 1787 pretores,
979 1710 1116 1792 “quibus
1131 1720 1161 1773 et
1182 1711 1223 1774 vis
1237 1711 1362 1792 imperii

201 1805 204 1810 ’
299 1799 399 1860 minor
420 1805 448 1857 et
469 1794 632 1855 auctorum
652 1801 737 1866 esset,
759 1795 911 1869 delectum,
935 1796 963 1856 si
990 1794 1035 1856 ita
1056 1798 1175 1858 renotari
1196 1798 1359 1874 uideretur,

297 1884 480 1963 perficimus
494 1899 563 1942 esse.
608 1876 647 1939 ld
668 1875 857 1959 praetoribus
869 1879 1018 1963 ”magna
1041 1877 1269 1944 Petrum*non
1289 1879 1362 1942 sine

302 1964 501 2049 sugillatione
520 1961 697 2037 consulum,
723 1961 906 2024 mandatum
932 1977 988 2027 est.
1033 1963 1196 2038 Censores,
1223 1977 1259 2027 ut
1287 1985 1360 2027 eam

301 2067 369 2110 rem
398 2047 593 2129 adjuvarent,
618 2047 665 2110 ita
686 2048 719 2108 in
748 2046 899 2109 concione
920 2047 1095 2124 edixerunt,
1123 2048 1235 2129 Legem
1264 2050 1364 2112 cernei

301 2133 444 2194 censendo
466 2131 593 2195 dicturos
615 2154 684 2208 esse,
707 2141 750 2208 ut,
775 2132 916 2212 “preter
936 2152 1086 2193 commune
1107 2133 1232 2193 omnium
1254 2135 1362 2196 eiuirurs

208 2230 210 2234 ’
290 2214 520 2300 jusjurandum,
532 2218 595 2279 luee
609 2217 806 2300 uily'urorent:
834 2215 881 2277 iu
895 2218 990 2278 minor
1011 2216 1101 2278 annis
1113 2237 1165 2277 see
1178 2226 1210 2278 et
1223 2219 1362 2299 quadra-

218 2305 220 2308 ’
300 2304 392 2387 ginta
407 2325 447 2379 es,
462 2311 552 2385 tuque
574 2324 613 2365 ex
626 2304 723 2366 edicto
748 2301 782 2363 (¹.
800 2301 932 2378 Claudii,
953 2301 1005 2370 Ti.
1019 2302 1185 2381 Sempronii
1206 2322 1362 2365 censorum

303 2390 347 2453 od
359 2391 501 2453 delectum
517 2391 666 2471 prodito.-
696 2389 986 2471 simonemque
1006 2388 1134 2449 delectus
1155 2387 1220 2461 erit,
1243 2387 1361 2470 “quem

300 2474 351 2537 hic
363 2497 493 2539 censores
513 2477 729 2557 magistratum
745 2473 893 2536 habebunt
901 2489 925 2551 Ρ,
940 2474 967 2535 si
985 2473 1070 2535 miles
1082 2469 1188 2550 suctus
1208 2491 1268 2533 nou
1288 2474 1360 2551 cris,

302 2560 338 2621 in
351 2560 463 2621 delectu
481 2560 629 2636 prodibis.
674 2558 766 2629 Item,
784 2558 857 2637 quia
875 2558 1048 2630 sumserat,
1066 2557 1235 2618 multosex
1250 2555 1361 2620 Mece-

553 2682 566 2723 Ρ
576 2679 612 2723 liis
622 2677 749 2722 cmoritur
759 2678 909 2734 magistratus
918 2677 1027 2722 iaicmmt
1039 2679 1109 2723 crev.

303 2799 348 2845 tari
359 2799 418 2856 quin
428 2799 464 2843 ita
474 2796 558 2841 Livius
573 2793 700 2852 scripserit·
733 2793 819 2840 Cetera
880 2796 913 2841 64·
929 2796 1054 2845 Neminem
1067 2799 1166 2847 inuitum
1182 2802 1277 2851 militem
1287 2802 1315 2848 at
1330 2804 1363 2850 tu

303 2862 349 2907 etsi
365 2862 429 2907 haud
447 2859 520 2905 dubie
539 2864 647 2902 mentem
659 2856 722 2900 Livii
738 2858 818 2927 expe-l·
841 2858 909 2920 steri]
929 2860 966 2905 Sic
978 2862 1078 2918 probunt
1093 2863 1212 2922 Sulpicius
1222 2871 1247 2909 et
1258 2864 1362 2913 Marcel·

303 2931 383 2977 munt,
395 2938 439 2969 nec
449 2927 550 2982 possunt
561 2923 631 2979 longe
642 2920 707 2965 ubire
718 2921 749 2965 ab
765 2933 817 2979 cJus
848 2922 887 2973 lus
897 2924 1035 2969 ambitiosos
1046 2939 1098 2970 esse
1108 2930 1228 2981 consulas,
1240 2931 1282 2987 qui
1292 2937 1362 2977 metu

303 2989 430 3048 scripum,
446 2988 535 3032 habent
552 2992 633 3029 tamen
650 2983 742 3041 aliquid
759 2984 817 3029 don·
848 2986 1008 3032 offensionum
1031 2991 1154 3035 neminem
1175 2992 1279 3038 militare
1300 2994 1364 3039 invi·

304 3052 354 3099 slus
369 3049 547 3111 quodammodo
557 3053 581 3092 et
592 3047 661 3107 quusi
676 3047 816 3102 misertim,
848 3055 903 3093 tum
913 3058 1029 3108 cogerent.

508 3112 513 3123 ⁸
916 3112 929 3138 Ι

304 3113 612 3235 ῃέῗὶῗινῖῖὲῗὲῒῖνίὼ
630 3180 679 3219 not.
691 3173 714 3219 u
726 3175 757 3220 ad
769 3175 814 3221 lV.
847 3113 1136 3236 misiniiioliieieiffi
1143 3117 1284 3227 ipptpsepg
1296 3118 1359 3164 con·

304 3239 343 3287 21.
878 3240 910 3285 66
932 3238 1018 3293 Quium
1038 3246 1061 3287 et
1080 3243 1115 3286 vir
1133 3243 1225 3301 imperii
1243 3247 1320 3289 mmor
1338 3252 1361 3294 et

336 3303 368 3349 62
386 3301 450 3355 Quod
468 3307 491 3348 et
505 3301 622 3363 juniores]
651 3301 764 3360 Superest
791 3301 817 3350 si
847 3305 970 3347 acumine
978 3305 1045 3369 esset]
1062 3304 1170 3359 Quorum
1182 3314 1206 3352 et
1217 3310 1297 3353 minor
1308 3317 1362 3367 pot.

304 3369 334 3418 ct,
345 3371 388 3411 aut
399 3366 569 3424 plursdesunt.
847 3372 919 3418 estas,
942 3373 967 3410 et
987 3368 1067 3412 minor
1088 3369 1194 3427 dignatio
1216 3379 1284 3415 esset.
1330 3375 1360 3419 in

336 3426 370 3474 63
386 3429 413 3475 C.
426 3430 542 3489 Sulpicius
557 3434 580 3475 et
595 3427 760 3475 tietmarus
774 3430 818 3473 tri-
848 3428 944 3487 imperio
968 3436 1005 3475 cst
1031 3432 1067 3475 vis
1092 3433 1208 3489 cogendis
1236 3438 1362 3483 auctoritas

305 3491 371 3553 hurd}
389 3491 442 3547 lmo
456 3498 574 3552 pretores.
613 3493 634 3537 li
652 3499 676 3536 ct
694 3506 775 3551 supra,
795 3506 815 3537 c.
848 3493 1024 3537 venerationem
1041 3495 1157 3540 conciliat
1191 3494 1267 3554 Supra
1276 3498 1294 3544 l.
1307 3501 1360 3548 Le.

307 3553 344 3599 11.
361 3562 527 3601 memorantur
542 3558 605 3601 inter
620 3562 733 3613 pretores
743 3551 817 3615 hujus
849 3554 871 3599 t.
908 3555 1016 3601 Evander
1037 3561 1086 3601 tum
1107 3572 1134 3602 eu
1154 3588 1161 3601 .
1178 3587 1184 3601 .
1201 3589 1208 3602 .
1225 3564 1361 3611 menate

305 3617 381 3671 sunit
398 3625 422 3662 ct
432 3619 481 3671 hic,
493 3620 547 3664 ideo
557 3619 614 3677 quie
626 3624 740 3676 pretores
751 3625 816 3671 sunt,
848 3618 924 3675 magis
934 3632 1001 3675 quam
1012 3620 1108 3677 imperio
1118 3621 1208 3680 regetur
1218 3622 1271 3667 loco.

305 3680 428 3738 postulunt
446 3688 474 3726 ut
493 3683 599 3726 delectus
614 3694 671 3724 curs
690 3682 818 3726 mundetur
881 3679 912 3725 6⁷
929 3680 1022 3739 Magno
1033 3680 1134 3727 Petrum
1148 3686 1301 3748 sensatione]
1320 3689 1363 3734 lJl.

305 3743 465 3803 prseteribusc
483 3751 516 3797 ct,
527 3744 632 3801 perfecto
646 3756 661 3787 e
676 3744 818 3801 praetoribus
850 3742 935 3788 timum
944 3758 1026 3790 vocem
1033 3742 1120 3805 aclJ'ecit
1129 3746 1248 3806 Sigonius,
1257 3756 1285 3795 ut
1292 3764 1365 3797 nran-

306 3808 409 3859 delectu,
423 3804 540 3868 jubentur
559 3820 579 3850 c.
600 3804 637 3850 15.
654 3819 685 3850 ex
703 3806 741 3850 his
759 3820 819 3871 quas
850 3818 906 3850 cum
917 3808 997 3852 lomim
1008 3809 1120 3866 expleret.

306 3870 456 3930 scripsissent
467 3869 608 3929 legionibus,
620 3880 680 3925 quas
690 3869 819 3923 rideretur,
882 3868 914 3914 68
932 3869 1022 3916 Praeter
1042 3884 1180 3916 mmmsne.
1198 3905 1204 3917 .
1222 3904 1228 3918 .
1239 3877 1363 3936 jupam.

306 3934 399 3979 consuli
409 3935 473 3979 dare.
507 3932 600 3990 Scripta
615 3930 762 3976 hauddubie
773 3933 820 3977 fult
850 3929 917 3993 dum]
935 3932 992 3978 Vid.
1004 3941 1053 3978 not.
1068 3932 1104 3978 14.
1116 3936 1146 3979 ad
1157 3937 1172 3979 l.
1186 3936 1205 3980 l.
1217 3951 1237 3982 c.
1249 3938 1287 3984 42.

307 4010 354 4043 vox
376 4001 487 4056 pretores
504 4008 547 4054 per
567 3995 628 4039 duas
650 3993 742 4038 litteras
762 3993 819 4040 PR.
882 3994 914 4042 69
931 3994 1003 4049 Quem
1017 3997 1053 4041 lits
1071 3998 1197 4043 oenrorilias
1212 4001 1364 4060 magistratum

307 4061 371 4106 unde
382 4060 471 4106 libmril
485 4071 528 4119 pro
544 4057 614 4103 solita
625 4056 758 4110 oscitantia,
770 4070 821 4102 ma·
850 4055 970 4120 iamiam]
999 4061 1037 4106 Sic
1062 4061 1197 4106 emendavit
1219 4063 1362 4111 Gronovius.

308 4122 373 4168 xime
394 4125 451 4183 quia
472 4123 615 4183 sequebatur
637 4119 752 4165 continuo
773 4133 821 4165 vox
851 4117 929 4165 Vetus
950 4122 1022 4167 lectio
1042 4122 1140 4169 omuino
1163 4133 1275 4185 corrupta
1300 4134 1362 4183 erat,

304 4185 384 4241 plebis.
407 4189 514 4232 iecerunt
536 4184 589 4231 ΤΒ.
612 4184 638 4229 id
659 4189 704 4237 est,
726 4183 819 4228 tribuni.
851 4194 917 4241 quem
937 4184 975 4230 tte
996 4199 1095 4233 censores
1112 4188 1275 4247 magistratum
1296 4189 1363 4243 isaie,

311 4244 371 4291 llaec
379 4248 428 4293 iere
439 4249 585 4297 Perizonius·
851 4244 913 4291 tens
