2942 4750
351 166 444 225 ΜΒ.
464 165 558 228 XLV.
586 166 825 228 cnmxm.
1093 175 1146 239 191

48 329 53 340 '
83 335 161 417 ipse,
169 331 297 396 ultsoob
306 331 424 396 AEtolis
434 330 564 394 hostibus
574 332 681 394 uestris
693 333 865 408 arcessimus,
877 352 914 393 ec
924 332 1104 397 Asiaclasse
1113 334 1148 397 in
1157 340 1187 388 U·
1199 342 1226 388 C·
1238 339 1296 388 ³86·
1311 377 1314 382 <

86 419 236 483 Groeeiam
250 416 385 501 trajecit,·
403 418 609 493 Demetriade,
622 426 652 479 et
665 416 818 491 Chalcide,
829 427 860 480 et
869 418 951 482 saltu
965 408 1189 504 mappa-‘⁸'
1199 407 1227 454 ⁰·
1241 404 1295 452 ¹⁶⁷·

84 506 350 584 lantmoccupato,
358 505 395 566 de
398 503 581 584 possessione
593 501 712 583 imperii
720 523 773 566 uos
781 502 911 586 dejicere
920 513 1054 567 conatus.
1078 504 1151 568 Cun

87 591 200 654 Perseo
211 590 289 651 socii
298 590 390 651 vestri
403 588 584 670 obpugnati,
594 588 651 649 alii
662 588 816 671 interfecti
828 589 928 672 reguli
936 591 1153 673 principesque

81 676 220 759 gentium
233 683 289 736 usit
297 674 488 755 populosum,
503 694 609 736 caussa
624 672 695 735 belli
702 674 894 757 vobisfhere.
926 673 1020 749 Quem
1031 678 1153 739 tandem

86 762 209 824 titsclum
223 769 327 821 nostro
340 760 502 820 calamitas
515 758 656 820 habituro
670 768 724 832 est,
735 759 763 821 si
770 761 908 839 perituri
920 765 1042 825 summ?
1067 762 1152 824 Non·

84 848 154 908 dum
163 846 430 929 segregocivitatis
439 864 573 906 caussam
582 844 781 927 aPolyaroto
789 854 818 906 et
824 846 958 922 Dinone,
964 845 1151 910 civibusnas·

85 935 157 1007 tris,
169 940 199 992 et
208 932 257 1006 iis,
267 952 349 1012 quos,
361 939 395 1006 ut
404 930 590 1001 traderemus
600 928 692 1003 vobis,
703 930 894 992 adducimus.
916 931 950 993 Si
959 932 1151 994 omnesIlba-

89 1019 141 1080 (lii
156 1036 239 1098 aque
253 1016 341 1077 nonii
354 1034 489 1088 essemus,
502 1016 723 1095 quodnostncm
736 1016 770 1076 in
782 1015 837 1077 boc
847 1015 924 1078 bello
933 1017 1044 1079 crimen
1054 1021 1151 1080 esset?

87 1103 196 1165 Persei
196 1101 342 1182 pactibus
337 1099 483 1182 favimus
487 1133 498 1170 ,·
512 1108 551 1173 et,
556 1101 799 1182 pumodmadum
804 1098 1154 1185 Antioclcinilippique

89 1188 170 1249 bella
177 1207 236 1267 pro
256 1185 336 1248 vobis
357 1187 498 1260 adversus
511 1205 606 1268 reges,
622 1186 664 1247 sic
685 1206 764 1246 nunc
774 1206 835 1264 pro
855 1207 926 1268 rege
946 1188 1089 1250 adversus
1103 1208 1154 1250 aas

87 1273 227 1335 stetimus.
254 1269 1154 1356 Quensodmodumsoleanussociocjueare‚ctquominpigre

87 1377 241 1438 capessere
254 1357 342 1431 bello,
361 1356 396 1418 0.
411 1355 544 1428 Livium,
563 1354 601 1416 L.
611 1354 773 1416 AEmilium
784 1356 941 1437 Regillum
957 1359 1151 1441 interrogate,

87 1445 143 1526 qni
150 1442 293 1504 classibus
302 1442 447 1504 uestrisin
457 1440 535 1502 Asia
545 1439 747 1522 praefecerunt.
770 1439 943 1522 Numquam
952 1451 1154 1508 ocstraenaaes

83 1526 444 1694 iigffii‘ffilibb
452 1526 1155 1696 &stimulum

87 1700 218 1766 uictoria
232 1696 316 1759 nobis
330 1717 365 1759 co
377 1694 541 1778 gloriosior
548 1704 602 1770 est,
618 1697 707 1778 qnod,
718 1717 805 1779 quum
819 1699 864 1759 ael
874 1699 997 1773 Samum
1012 1718 1154 1780 magnam

83 1793 207 1867 partem
220 1783 339 1845 navium
351 1783 480 1844 adversa
492 1802 596 1864 pugna
608 1791 638 1843 et
652 1782 799 1865 egregiam
803 1782 994 1864 juventutem
1003 1783 1155 1845 amisisse·

85 1891 161 1942 mia,
173 1889 211 1930 ne
222 1877 309 1930 tanta
320 1868 440 1950 quidem
448 1867 535 1928 clade
540 1866 649 1941 territi,
657 1869 764 1930 iterum
774 1870 844 1931 ausi
853 1889 951 1932 munus
959 1868 1055 1951 regiae
1064 1868 1157 1931 classi

93 1977 133 2017 ea
144 1953 235 2037 Syria
247 1953 379 2016 venium
392 1952 509 2016 obviam
523 1952 576 2015 ire.
600 1953 679 2016 Hcec
690 1974 749 2015 non
757 1955 918 2036 gloriandi
930 1974 1036 2017 caussa
1051 1953 1153 2030 retuli,

88 2047 199 2122 (neque
206 2039 282 2100 enim
291 2059 328 2101 ea
340 2059 418 2100 nunc
426 2048 532 2100 nostra
540 2035 792 2118 estsortuna)sed
799 2049 833 2102 ut
840 2041 1040 2118 admonerem,
1049 2060 1154 2123 quem·

89 2125 250 2188 Minodum
264 2122 413 2203 adpeoore
426 2126 520 2187 socios
533 2126 662 2186 solerent
677 2125 803 2186 Rhodii.

131 2208 264 2273 XXllI.
284 2210 435 2281 Proemio,
450 2209 602 2288 Philippo
612 2218 641 2270 et
657 2208 810 2270 Antiocho
824 2209 953 2284 devians,
965 2212 1156 2291 amplissima

17 2298 20 2312 ’
86 2296 257 2374 accepimus
272 2314 293 2353 o
302 2292 396 2354 uobis.
420 2293 465 2365 Si,
473 2302 643 2372 quaoestro
655 2313 734 2353 nunc
745 2301 789 2354 est
788 2294 921 2373 fortuna
936 2293 1037 2355 Deim
1051 2295 1156 2378 benig-

17 2406 18 2431 *
86 2380 191 2443 nitate
205 2387 235 2438 et
250 2377 361 2439 virtute
370 2385 481 2449 vestra,
494 2395 531 2435 ea
545 2377 654 2437 Persei
656 2374 786 2455 suisset,
803 2384 832 2435 et
842 2380 974 2454 praemia
977 2379 1106 2455 petitum
1116 2381 1159 2440 ael

87 2466 236 2529 uictorem
248 2481 347 2541 regem
358 2460 532 2521 amissenus
542 2460 575 2518 in
591 2458 817 2531 Macedoniam,
830 2459 902 2539 quid
912 2461 1035 2521 tandum
1045 2462 1158 2524 dicere·

86 2553 178 2612 mus?
203 2539 892 2625 Pecunianeanabisadjutum,anfrumento?
914 2544 1159 2610 auailiistmes-

86 2634 196 2711 tribus,
212 2652 254 2694 an
266 2629 452 2693 novalibus?
475 2630 556 2710 quoa
569 2629 753 2711 prasidium
773 2630 903 2694 teruisse
915 2627 995 2692 nos?
1014 2630 1066 2693 ubi
1071 2652 1158 2716 pag-

53 2710 68 2739 ⁸
86 2740 177 2783 nasse
187 2726 244 2780 aut
255 2716 403 2779 subillius
415 2713 615 2792 aethusam
627 2715 857 2796 pernosipsost
881 2713 1159 2798 superornati

87 2806 175 2867 miles
184 2811 295 2878 noster,
305 2800 359 2863 ubi
367 2801 454 2864 nauis
466 2801 708 2881 intrapsaesidia
716 2796 904 2879 suafuisset5
919 2800 1155 2885 qscidresponde·

88 2893 207 2953 semus?
230 2886 516 2969 Ooussamsortasse
526 2886 691 2949 diceremus
705 2887 791 2967 opud
799 2887 949 2960 uictorem,
965 2890 1156 2969 quemadm-

88 2975 253 3056 dumapuel
261 2973 456 3036 oosclicimus.
472 2970 545 3033 Hoc
553 2972 631 3034 enim
640 2972 760 3054 legatos
767 2980 893 3054 utroque
903 2973 1027 3053 depace
1036 2974 1155 3037 mitten-

88 3062 128 3123 do
137 3060 289 3123 consecuti
301 3078 408 3132 minues,
424 3058 483 3118 ”ut
492 3076 530 3117 ne
541 3057 580 3118 ab
592 3066 723 3139 utraque
730 3066 825 3138 parte
836 3057 974 3138 gratiam
989 3059 1136 3121 iniremus
1140 3094 1152 3132 ,-

91 3145 129 3208 ab
139 3145 241 3208 altera
257 3144 349 3206 etiam
363 3141 477 3205 crimen
490 3151 521 3203 et
528 3143 698 3222 perimclum
712 3151 796 3204 esset.
825 3143 1016 3226 Qsmmquam
1026 3144 1158 3207 Perseus

16 3278 54 3313 ,.
89 3227 1157 3325 υσεοᾷἱσενρι,ἰάφυοᾶυοεποιιροίεεέίε,1ζαίνοε.σοηεατ’ρίί,ηοῳὶπ-

89 3313 458 3481 tp,
471 3312 1157 3479 sumtu

88 3486 246 3568 prioribus
260 3485 354 3559 bellis,
371 3484 414 3545 ad
427 3483 530 3546 omnia
537 3483 760 3566 paratosfore.
804 3481 856 3545 Ne
862 3492 1087 3563 praestaremus,
1099 3507 1157 3568 per

64 3614 67 3621 -
93 3593 143 3635 ωε
156 3572 252 3647 stetit,
265 3573 319 3653 qui
333 3571 371 3631 de
439 3589 560 3649 uumquu
569 3588 675 3632 caussa
689 3577 752 3630 tum
761 3567 944 3648 ael-spermati
951 3578 1055 3633 nostra
1064 3575 1156 3635 auci·

93 3658 139 3719 lia
149 3658 233 3720 estis.
257 3656 363 3738 Neque
384 3656 494 3717 ecimus
505 3654 603 3737 igitur
611 3654 774 3736 quidquam
786 3662 935 3736 tamquam
943 3655 1050 3733 hostes,
1062 3677 1157 3741 neque

93 3741 234 3804 bonoman
248 3743 396 3804 sociorum
409 3737 551 3820 defuimus
572 3739 694 3824 efficim-
717 3739 771 3801 sed
784 3758 805 3799 a
819 3739 901 3801 vobis
909 3740 1061 3821 prohibiti
1068 3762 1156 3824 prce-

91 3837 172 3890 stare
171 3826 304 3912 suimus.
350 3824 437 3900 Quia
446 3820 563 3907 igitur?
582 3823 698 3886 nihilne
701 3820 823 3903 factum
837 3844 931 3907 nequa
941 3828 1052 3888 dictum
1063 3835 1107 3899 est
1122 3828 1157 3886 in

93 3914 217 3976 civitate
238 3908 811 3993 vestra,Rtotii‚q1odnotteeis,quo
832 3910 936 3973 merito
951 3907 1157 3995 ffencleretur

111 4115 519 4182 ,mutuantuuponcl
544 4113 610 4177 Lege
672 4115 860 4165 mmmmm
885 4114 970 4176 mats]
999 4114 1157 4163 Hieromus

95 4197 151 4232 eum
161 4185 284 4233 Gmnuvlo
293 4188 321 4230 ut
331 4182 360 4230 ab
369 4181 530 4241 mmmmm
641 4183 754 4230 emendus
765 4180 910 4235 Gronovius,
922 4177 1025 4235 navibus,
1035 4178 1115 4224 omis.
