2942 4750
380 189 432 250 LI
441 189 476 250 B.
497 188 615 253 xuni.
648 192 746 252 CAI’.
764 190 866 252 xvn.
1102 201 1156 256 ill

97 352 220 421 multus
243 352 335 416 ciere.
387 351 468 418 “Ta
499 353 637 418 Gracchi
662 354 806 438 primum
837 353 923 417 bons
952 358 1158 437 consecrarit,
1168 375 1235 423 uc.
1248 371 1305 422 tes.

98 440 188 525 quod
201 439 234 501 in
249 437 348 502 multa
361 437 611 525 pignoribusque
621 440 698 523 ejus,
711 439 768 525 qui
782 438 946 504 tribunum
962 439 1199 524 adportasse*
1211 439 1238 487 ⁰·
1250 438 1306 485 ¹⁶⁹·

97 522 315 588 intercessioni
341 544 406 586 non
430 523 582 607 parendo,
603 528 624 560 ⁸'
636 546 668 587 se
694 527 727 587 in
749 526 892 608 ordinem
914 525 1081 610 wegiaet.
1125 529 1162 594 C.
1347 533 1351 540 ’

100 608 239 674 Claudio
268 608 352 670 diem
375 607 467 688 dixit,
513 607 575 671 uod
604 610 788 673 concionem
817 611 857 672 ab
879 631 912 671 se
938 622 1109 688 avocasset,
1132 624 1165 676 et

100 692 255 778 “utrique
279 693 403 755 censori
430 632 679 776 perduellionem
708 716 741 756 se
760 693 904 778 judicare
929 695 1163 778 pronunciavit,

98 778 249 864 diemque
263 777 398 840 comitiis
413 801 430 842 a
446 779 487 842 C.
503 777 644 860 Sulpicio
651 795 790 863 praetore
804 778 926 841 urbano
940 780 1042 863 petiit.
1087 779 1165 847 Non

99 863 319 927 recusantibus
333 862 525 936 censoribus,
542 863 596 946 qui
611 862 715 925 minus
724 873 739 898 ¹¹
752 863 857 947 primo
878 883 1006 949 qnoque
1020 877 1165 950 tempore

10 997 11 1050 p
95 948 256 1034 judicium
280 948 322 1010 de
345 969 379 1009 se
400 947 539 1032 ‚populus
566 946 692 1023 faceret,
716 948 750 1010 in
777 960 849 1011 ante
870 947 936 1011 dies
958 962 1102 1016 ocnrum
1131 963 1164 1015 et

10 1055 11 1068 ¹
101 1034 272 1117 captiuum
302 1030 463 1095 Kalendas
493 1031 647 1095 Octobres
670 1032 806 1096 consitiis
829 1032 1058 1116 perduellionis
1079 1035 1166 1100 dieta

102 1118 177 1181 dies.
224 1117 378 1180 Censores
406 1115 565 1200 extemplo
590 1115 765 1180 inanium
794 1116 964 1182 Libertatis
993 1120 1165 1184 adscende·

102 1215 199 1265 runtz
222 1215 264 1277 et,
281 1200 325 1263 ibi
346 1201 474 1287 sigums
497 1200 618 1264 tabellis
638 1202 784 1285 publicis,
806 1202 976 1302 clausoque
996 1204 1164 1282 tabulario,

102 1299 135 1351 et
155 1286 296 1350 dimissis
316 1287 443 1348 ⁸'seruis
468 1285 611 1369 publicis,
630 1295 801 1369 negarunt,
823 1308 857 1349 se
878 1308 967 1371 prins
992 1289 1166 1374 quidquam

104 1370 225 1456 publici
235 1371 357 1469 negotii
371 1383 524 1454 gesturos,
540 1392 634 1454 qnam
645 1371 802 1455 judicium
821 1371 932 1455 populi
946 1372 986 1434 de
1000 1394 1033 1436 se
1046 1374 1166 1438 facturn

103 1467 193 1520 esset.
239 1455 333 1518 Prior
356 1454 509 1518 Claudius
531 1477 672 1519 caussam
693 1455 796 1520 dixit:
826 1466 866 1533 et,
883 1477 981 1541 quum
1002 1459 1070 1522 ”ex
1084 1458 1167 1522 duo-

104 1540 208 1604 decim
240 1539 390 1603 centuriis
418 1542 559 1624 equitum
596 1552 669 1603 octo
705 1560 868 1604 censorem
894 1542 1165 1620 condemnassent,

105 1624 278 1707 multaeque
304 1624 375 1687 aliae
396 1626 510 1708 primae
534 1624 648 1701 classis,
671 1624 830 1708 extemplo
851 1625 1010 1711 principes
1032 1629 1168 1693 civitatis

106 1710 140 1772 iu
164 1720 337 1793 conspectu
359 1708 479 1792 populi,
504 1709 630 1772 annulis
652 1712 755 1773 aureis
776 1711 895 1793 positis,
922 1726 1040 1776 vestem
1063 1722 1168 1777 muta·

58 1819 62 1824 ·
105 1806 191 1873 runt
221 1807 257 1857 ut
279 1794 436 1878 supplices
461 1793 586 1878 plebem
614 1795 828 1859 circumirent.
881 1797 1027 1860 Maxime
1061 1810 1166 1860 tamen
1175 1808 1309 1862 andnu-

105 1878 293 1942 scuteutiam
315 1880 443 1941 vertisse
464 1878 581 1946 dicitur
603 1878 654 1943 Ti
676 1880 852 1956 Gracchus,
868 1881 967 1965 qnod,
983 1903 1081 1966 quum
1103 1879 1221 1946 ela-¹⁸⁴¹·

105 1985 177 2026 mor
187 1964 328 2048 undique
342 1964 441 2046 plebis
455 1975 544 2041 esset,
559 1963 735 2112 perieulum
754 1964 903 2030 Graccho
917 1986 983 2029 non
998 1987 1076 2045 esse,
1090 1985 1166 2031 con·

104 2049 204 2131 ceptis
218 2049 320 2111 verbis
345 2050 352 2064 '
378 2050 467 2124 ravit,
483 2049 508 2111 si
523 2071 562 2113 co
574 2050 645 2137 lega
662 2049 829 2115 damnatus
851 2064 940 2128 esset,
958 2073 1021 2116 non
1036 2073 1166 2138 exspec-

104 2143 173 2198 rato
187 2131 228 2195 de
241 2155 275 2196 se
291 2136 328 2218 ju
351 2133 422 2209 icio,
438 2136 585 2198 comitem
608 2134 708 2197 exsilii
729 2138 795 2220 ejus
816 2136 967 2200 futurum.
1011 2138 1105 2202 A'deo
1117 2149 1166 2204 ta·

106 2239 181 2281 men
204 2216 245 2280 ad
274 2232 452 2280 extremum
477 2220 544 2302 spei
574 2221 659 2282 venit
681 2241 764 2296 reus,
785 2230 823 2282 ut
850 2232 923 2284 octo
951 2222 1104 2286 centuriae
1124 2222 1167 2287 ad

102 2302 341 2366 damantionem
356 2300 524 2364 defuerint.
567 2302 722 2366 Absolute
745 2302 890 2379 Claudio,
906 2304 1051 2368 tribunus
1066 2304 1168 2390 plebis

101 2409 129 2450 n
192 2384 239 2446 rit
252 2406 285 2445 se
299 2385 480 2447 Gracchum
494 2387 625 2447 morari.

191 2466 268 2530 VII.
301 2465 352 2529 Eo
380 2488 476 2541 anno,
504 2466 740 2549 posmlantibus
769 2465 1016 2549 Aquileiensium
1044 2469 1075 2532 le
1097 2466 1168 2548 atis,

104 2557 124 2590 '¹
137 2565 174 2617 ut
188 2572 358 2627 numerum
374 2549 559 2614 colonorum
579 2558 719 2635 augeret,
735 2547 822 2611 mille
835 2560 867 2611 et
887 2550 1067 2651 quingente
1111 2555 1171 2616 rui·

10 2712 11 2739 p
39 2714 49 2733 ἢ
103 2640 160 2703 liae
173 2659 215 2701 ex
236 2634 507 2701 senatusconsulto
526 2635 662 2720 seriptae,
679 2633 907 2719 triumvirique,
923 2656 977 2719 qur
999 2656 1050 2701 ms
1070 2637 1170 2705 ‹ledu-

492 2762 558 2820 uqno
567 2758 646 2803 mlum
655 2757 720 2804 Gron
732 2756 800 2804 Crev.

140 2880 172 2929 86
191 2878 457 2927 rtGrroett...tm
471 2877 622 2939 mavit]
646 2875 767 2938 judicare]
784 2872 940 2937 rejudicare
959 2883 1090 2941 utrumque
1111 2895 1169 2929 aa·

107 2943 388 2997 BonomeMetelli
400 2942 443 2987 Cu.
455 2941 563 2996 lentuli,
574 2947 619 2987 ete.
652 2953 731 2986 sorem
756 2940 926 2999 perduellionis
956 2943 1056 2989 cumina
1083 2947 1166 2992 teneri.

106 3010 155 3055 hoe
172 3008 244 3054 modo
262 3021 277 3052 a
293 3007 395 3051 tribunis
409 3005 485 3064 plebis
499 3017 622 3051 consena-
654 3003 700 3050 Sed
710 3005 757 3050 hoe
764 3000 886 3064 judicium
896 3010 978 3049 retum
993 3017 1044 3049 esse
1055 3019 1103 3052 noa
1114 3015 1168 3065 pot-

106 3078 192 3116 tnrum
204 3070 351 3116 mentionem
369 3068 427 3114 feeit
445 3068 492 3113 Cic.
511 3081 555 3127 pro
573 3067 623 3111 Do·
653 3074 713 3121 erut,
726 3067 772 3112 nisi
783 3066 885 3126 populus
904 3066 1025 3126 mll'ragiis
1041 3068 1091 3113 suis
1106 3070 1168 3116 illud

107 3133 381 3191 mammetseqq.
421 3129 457 3176 Ee
475 3130 622 3177 consecratio
654 3131 779 3176 firmasset.
812 3130 904 3176 Eodem
920 3130 971 3175 fere
987 3131 1169 3185 moderatrices

107 3196 217 3242 nebetta
228 3197 350 3247 mucione.
367 3200 433 3240 certo
451 3196 556 3253 quodam
570 3206 623 3238 ver·
653 3193 777 3238 dieebsnrr
787 3204 803 3236 e
813 3193 964 3251 magistratu,
981 3194 1024 3238 sed
1035 3188 1169 3253 jubebatur

105 3257 410 3311 buumoenuinsn‘oemo
420 3260 506 3316 posito,
518 3256 622 3304 ettdhi-
653 3257 775 3314 apopulo.
808 3253 900 3299 Recens
907 3256 1046 3314 exemplum
1057 3257 1168 3313 bubeeiu

10 3304 20 3329 ’
106 3322 160 3369 bito
171 3322 277 3368 tibicine.
309 3317 371 3380 Ejus
381 3321 444 3366 hauc
454 3321 505 3366 rim
516 3332 567 3366 esse
581 3332 623 3363 vo·
652 3317 776 3372 Lucretio,
792 3329 896 3377 caprae.
907 3317 932 3363 θ.
963 3318 1002 3364 De

34 3394 45 3411 ·
108 3385 259 3443 lebetisqui
275 3386 337 3430 bona
354 3377 455 3458 alicujus
471 3394 623 3429 conmarc-
654 3380 702 3427 rid.
714 3379 949 3427 uot85.ed1.l.e.
962 3380 1000 3427 26.

107 3449 269 3501 rat‚utbona
287 3448 330 3492 illa
349 3444 422 3507 aliem
437 3446 561 3505 deo‚putn
578 3444 623 3490 Ce·
684 3443 717 3489 89
733 3443 813 3489 Servis
834 3440 946 3503 pontius]
978 3440 1045 3489 Serri
1076 3446 1168 3505 publici

107 3507 625 3632 aaa..
655 3505 859 3628 nasus
875 3504 1167 3621 annun

615 3601 626 3629 ,
1156 3596 1168 3610 .

108 3636 184 3695 imus
195 3648 225 3681 ea
231 3633 274 3696 jus
284 3649 356 3682 omne
367 3636 488 3681 emitteret
498 3635 519 3680 is
530 3634 573 3694 qui
583 3634 626 3679 illa
655 3633 710 3678 larii
720 3632 854 3678 ministeria
870 3636 959 3692 prule
977 3636 1168 3685 cnevcenaurb

108 3705 182 3744 unna
200 3700 343 3758 pooeederet.
376 3698 423 3743 Sed
433 3700 464 3744 ed
478 3698 574 3743 irritum
586 3710 625 3744 ca·
656 3698 709 3742 bus
1273 3734 1276 3739 .

108 3763 200 3808 denum
221 3762 271 3807 illie
296 3762 379 3815 mirus,
401 3766 426 3807 et
447 3761 548 3807 scenicae
574 3761 624 3806 illoe
688 3758 720 3804 90
734 3756 776 3803 Es
791 3755 905 3804 duodecim
923 3761 1034 3805 anterus
1052 3758 1168 3821 qutun]

108 3825 286 3883 theatralesque
302 3825 419 3871 bonorum
437 3823 625 3870 consecrationes
657 3823 712 3869 Ima
731 3818 857 3867 moduine.
900 3820 949 3867 Tot
969 3823 1036 3868 euim
1063 3822 1169 3869 usuum

109 3888 192 3934 fraudi
204 3901 252 3932 non
264 3895 331 3933 erant
341 3886 522 3947 possessoribus.
564 3886 625 3932 Haec
656 3886 707 3933 Ser·
718 3883 822 3930 Tullius.
854 3882 912 3931 Vid.
922 3886 1021 3945 supral-
1033 3887 1053 3931 1.
1065 3899 1085 3931 c.
1097 3883 1136 3929 48.

110 3950 194 3999 omnia
205 3951 364 3997 doeetCieerc
375 3951 427 3995 leco
435 3952 577 3995 memorato.
684 3946 717 3993 at
739 3947 773 3992 Ut
782 3960 903 3995 nummos
917 3946 1046 3994 mona
1060 3942 1168 4004 cam]

142 4012 265 4060 87'Setu
277 4014 377 4059 ordiam
386 4008 560 4073 coegimus
575 4023 627 4056 ma·
656 4010 730 4070 Lege,
753 4015 780 4055 at
799 4023 909 4057 aarum
926 4011 1057 4056 conam
1075 4016 1170 4065 augen-

110 4077 423 4137 gistretussuiinfregisset.
434 4074 626 4121 aesecumselut
657 4079 713 4120 turs
735 4075 773 4121 vel
783 4074 810 4120 in
819 4073 850 4119 fle
860 4087 916 4131 quse
930 4069 1079 4131 precedunt,
1092 4071 1171 4127 potia·

112 4140 380 4200 cumprtvatoegisset.
413 4137 532 4183 viduet.
546 4135 626 4185 ebed
656 4136 755 4249 1:an
775 4151 791 4184 a
812 4139 892 4185 mata
910 4130 1091 4192 Arcenam
1108 4129 1171 4194 lm·

143 4266 178 4314 88
196 4266 295 4326 Ψήρα
313 4265 399 4313 reatori
412 4262 590 4327 paduanum
604 4278 628 4311 ee
