2942 4750
437 205 531 264 nra.
552 203 654 283 xutt.
689 205 789 265 cnr.
809 206 847 265 x.
1134 215 1174 269 a

101 365 222 431 Joaius
243 365 383 444 Pennus,
409 367 466 453 Sp.
484 368 663 446 Lucretius,
688 370 745 455 sp.
768 368 912 447 Cluvius,
938 369 1000 435 Cn.
1025 371 1172 455 Sicinius,
1183 391 1317 442 uesta

103 451 144 515 C.
159 451 333 517 Memmius
345 454 474 518 iterum.
1181 460 1212 505 a
1223 458 1250 505 c
1263 458 1325 511 1⁷8«

146 537 192 601 X.
210 536 260 602 Eo
269 559 355 602 anno
364 539 501 604 lustrum
514 539 676 604 conditum
687 554 743 604 est.
767 540 927 606 Censores
937 555 1030 606 erant
1042 542 1086 617 Q.
1098 543 1174 609 Ful·

101 623 171 687 vius
188 622 333 700 Flaccus,
349 626 442 688 ”Aa
459 626 640 689 Postumius
655 626 802 690 Albinus.
827 627 1010 691 Postumius
1019 629 1176 697 condidit.

104 706 210 773 Censa
223 722 299 772 sunt
310 710 427 773 civium
441 711 661 775 Romanorum
671 712 776 797 capita
790 712 927 776 ducenta
941 714 1106 800 sexaginta
1117 736 1176 778 no·

100 814 173 857 vem
188 793 290 857 millia
311 808 343 858 et
364 795 556 879 quindecim.
602 795 715 860 Minor
737 797 898 883 aliquanto
918 819 1080 874 numerus,
1100 798 1176 882 quia

101 880 141 942 L.
158 878 343 944 Postumius
365 881 476 944 consul
492 903 550 964 pro
565 882 718 945 concione
738 881 890 959 edixerat,
907 884 962 969 qui
977 884 1096 947 socium
1112 886 1176 949 La·

101 964 165 1027 tini
181 965 319 1029 nominis
334 987 376 1029 ex
391 965 495 1030 edicto
511 967 551 1031 C.
568 966 697 1031 Claudii
712 967 851 1031 consulis
866 969 970 1031 redire
984 968 1017 1031 in
1033 970 1175 1034 civitates

104 1071 180 1115 suas
195 1044 390 1127 debuissent,
406 1074 447 1115 ne
472 1052 543 1137 quis
568 1074 679 1117 eorum
705 1053 830 1132 Romae,
844 1054 901 1117 sed
922 1076 1032 1118 omnes
1054 1055 1086 1117 in
1110 1055 1175 1119 suis

104 1133 286 1199 civitatibus
301 1149 511 1201 censerentur.
543 1136 686 1201 Consors
700 1151 733 1205 et
747 1160 765 1201 e
779 1140 941 1222 republica
953 1160 1087 1203 censura
1100 1138 1173 1204 fuit.

41 1222 83 1277 ι’
104 1227 227 1301 omnes,
243 1243 323 1306 quos
337 1233 448 1287 senatu
470 1240 647 1300 moverunt,
664 1223 842 1308 quibusque
863 1246 961 1308 equos
975 1226 1170 1303 ademerunt,

102 1307 234 1370 tetanos
255 1305 406 1385 fecerunt,
423 1320 455 1371 et
469 1309 554 1372 tribu
570 1321 759 1373 moverunt:
782 1312 801 1342 ³¹
814 1330 917 1393 neque
933 1309 974 1372 ab
991 1311 1091 1374 altero
1113 1331 1172 1374 no-

102 1403 206 1455 tatum
233 1391 312 1455 alter
333 1394 489 1476 probavit.
535 1393 666 1459 Fulvius
689 1394 793 1459 aedem
818 1393 971 1457 Fortunae
998 1395 1171 1480 Equestris,

103 1498 202 1562 quam
223 1479 393 1559 proconsul
416 1480 448 1542 in
473 1479 642 1563 Hisponis,
666 1478 821 1543 dimicans
841 1501 914 1543 cum
939 1478 1173 1545 Celtiberorum

102 1562 295 1646 legionibus,
326 1576 464 1643 voverat,
492 1586 594 1629 annos
623 1586 681 1629 sex
711 1576 793 1649 post,
823 1587 918 1650 quant
947 1578 1086 1644 voverat,
1117 1565 1174 1630 tle-

103 1645 245 1710 dicarit:
281 1663 313 1712 et
341 1651 481 1713 scenicos
509 1648 601 1714 ludos
630 1672 688 1735 per
716 1647 930 1736 quatriduum,
959 1674 1060 1717 unum
1089 1651 1175 1714 diem

104 1733 143 1795 in
174 1732 259 1797 circo
286 1733 367 1798 iecit.
422 1734 462 1799 L.
488 1734 657 1800 Cornelius
684 1735 849 1818 Lentulus,
879 1735 1039 1800 decemvir
1069 1757 1175 1799 sacro·

105 1838 190 1894 rum,
222 1841 260 1887 eo
279 1842 366 1884 enno
393 1832 539 1885 mortuus
566 1834 621 1886 est.
652 1822 686 1886 in
715 1822 821 1887 locum
847 1822 915 1906 ejus
945 1821 1107 1886 subfectus
1133 1819 1176 1884 A.

105 1901 291 1969 Postumius
309 1905 458 1970 Albinus.
504 1907 715 1973 Locustarum
731 1918 832 1972 tanta
848 1906 948 1971 nubes
970 1929 990 1970 a
1005 1905 1086 1971 mari
1101 1918 1295 1969 ven-Locusta
1309 1921 1336 1967 ra

106 1998 144 2051 to
172 2004 303 2074 repente
330 1990 363 2053 in
393 1991 541 2075 Apuliam
570 1993 678 2058 inlstoe
703 2004 786 2070 sunt,
819 2005 854 2056 ut
883 1991 1082 2057 examinibus
1110 1985 1279 2055 suisffl*

105 2094 200 2159 agros
224 2078 288 2139 late
316 2077 485 2160 operirent.
516 2077 555 2142 sd
585 2099 681 2163 quam
711 2089 829 2162 pestem
853 2076 980 2161 frugum
1003 2077 1174 2141 tollendam

106 2160 130 2191 ³³
141 2159 202 2224 Cn.
219 2160 358 2225 Sicinius
372 2179 492 2245 praetor
505 2160 697 2249 designatus,
713 2186 787 2227 cum
808 2164 945 2247 imperio
965 2165 1000 2226 in
1024 2162 1174 2247 Apuliam

105 2243 233 2321 missus,
257 2246 377 2330 ingenti
399 2248 526 2333 agmine
547 2248 715 2312 hominum
738 2251 778 2312 ad
799 2249 991 2331 colligendas
1013 2270 1065 2311 eas
1084 2268 1175 2311 coac·

104 2337 156 2402 to,
173 2327 372 2411 aliquantum
394 2333 546 2416 temporis
562 2332 723 2396 absumsit.
768 2332 967 2415 Principium
983 2331 1213 2416 insequentistt.
1225 2347 1317 2396 csso

103 2411 198 2489 anni,
223 2433 289 2495 quo
312 2414 350 2474 C.
374 2415 528 2496 Popillius
550 2429 582 2475 et
596 2416 636 2476 P.
651 2415 756 2475 AElius
779 2417 905 2476 inerunt
926 2417 1084 2488 consules,
1100 2411 1253 2476 rest-bc·
1266 2411 1320 2485 ¹7²·

103 2497 189 2562 duas
203 2495 425 2559 contentiones
440 2517 481 2558 ex
494 2496 603 2578 priore
624 2515 711 2557 anno
723 2492 846 2557 habuit.
891 2495 1002 2558 Patres
1015 2496 1124 2560 referri
1139 2495 1178 2560 de
1186 2473 1213 2581 ξζ
1222 2472 1337 2581 fflffl’

105 2581 300 2668 Liguribus,
317 2581 525 2665 renovarique
546 2578 854 2644 senatusconsultum
876 2579 1033 2662 volebant,
1049 2594 1081 2644 et
1101 2600 1250 2646 con-tosa

27 2671 35 2690 ⁸
105 2666 158 2732 sul
180 2665 285 2729 AElius
299 2664 464 2730 referebat
509 2665 662 2749 Popillius
683 2680 714 2728 et
737 2664 889 2751 collegam
905 2679 937 2730 et
958 2681 1099 2732 senatum
1116 2663 1323 2754 pro⁰⁰¹¹²⁶⁰⁸¹¹r

105 2751 206 2816 frene
221 2752 469 2836 deprecabatur3
490 2773 560 2835 prae
575 2774 607 2815 se
628 2751 742 2828 ferens,
759 2752 785 2814 si
800 2745 873 2837 qui¹
894 2751 1110 2830 decernerent,
1127 2726 1321 2854 inffiff'

108 2849 331 2914 tercessurum,
347 2837 501 2924 collegam
524 2837 686 2901 deterruit.
731 2837 849 2914 Patres,
865 2860 905 2901 eo
925 2840 1026 2925 magis
1045 2842 1178 2924 utrique

108 2924 228 3007 pariter
258 2922 422 2987 cortesium
453 2922 577 2999 infensi,
607 2925 639 2986 in
678 2935 784 3006 coepto
808 2921 1000 3006 perstabant.
1053 2926 1176 3010 ltaque,

135 3029 210 3072 uum
227 3007 268 3071 de
303 3009 451 3072 rorinciis
472 3021 630 3093 ageretur,
646 3020 678 3071 et
693 3007 896 3085 Macedonia,
915 3010 983 3093 jam
1004 3009 1179 3074 inminente

110 3030 222 3159 Persei
243 3031 337 3171 bello,
352 3104 525 3178 peteretur,
545 3094 678 3180 Ligures
699 3094 854 3157 ambobus
876 3091 1058 3157 consulibus
1072 3094 1179 3158 decer·

110 3192 243 3243 uantur.
287 3178 514 3243 Macedoniam
529 3178 713 3242 decreturos
728 3193 857 3264 negant,
875 3180 907 3242 ni
922 3181 961 3243 de
974 3178 1022 3242 M.
1039 3179 1179 3264 Popillio

110 3267 295 3328 referretur.
339 3264 574 3329 postulantibus
595 3264 719 3340 deinde,
743 3275 778 3326 ut
799 3285 897 3328 novos
919 3265 1080 3329 exercitus
1102 3267 1178 3331 scri·

110 3348 197 3425 bere,
213 3363 270 3414 aut
290 3350 545 3434 supplementum
569 3350 726 3414 veteribus
747 3348 866 3426 liceret,
889 3364 1060 3498 utrumque
1081 3372 1178 3437 nega-

112 3445 182 3496 tum
198 3449 255 3499 est.
301 3435 497 3500 Praetoribus
516 3457 642 3520 quoque
656 3434 690 3498 in
714 3435 902 3517 Hispaniam
925 3457 1005 3519 supp
1018 3453 1179 3502 amentum

113 3521 294 3600 petentibus
316 3533 486 3608 negatum:
511 3521 561 3585 M.
577 3520 676 3585 lunio
696 3519 728 3582 in
751 3520 939 3597 citeriorem,
956 3524 1011 3604 Sp.
1028 3521 1179 3587 Lucretio

109 3603 145 3667 in
163 3604 355 3671 ulteriorem.
388 3608 425 3671 C.
443 3606 587 3671 Licinius
603 3606 736 3670 Crassus
749 3604 901 3670 urbanam
913 3605 1178 3691 jurisdictionem,

351 3764 564 3813 tatuoroa
704 3754 946 3824 mettensem.

148 3913 184 3960 80
204 3912 238 3959 A.
261 3912 408 3976 Postumius]
443 3914 567 3960 Hactenus
600 3912 630 3958 1..
658 3911 778 3974 poholt]
797 3912 908 3974 Sigonius
926 3913 1028 3959 inseruit
1046 3923 1131 3958 rocem
1146 3910 1180 3955 sl·

109 3977 257 4025 Postumius.
286 3976 426 4023 Debuerant
435 3978 632 4036 editoresparere
663 3981 707 4030 ter,
720 3977 990 4036 quenecessariserat.

111 4041 214 4102 Sigonio
229 4053 370 4102 prenomen
381 4037 455 4101 hujus
465 4041 570 4087 censoris
580 4053 631 4087 eor·
695 4040 727 4089 32
748 4041 792 4087 ca.
815 4035 929 4101 Sicinius]
954 4039 1022 4084 Editi
1043 4035 1133 4081 habent
1152 4036 1180 4084 C.

111 4106 202 4164 rigenti
213 4119 245 4152 ex
253 4105 333 4158 Livio,
345 4105 362 4150 l.
375 4103 477 4150 xnus
490 4103 529 4150 et.
540 4111 565 4148 et
576 4103 633 4151 Fas·
664 4103 774 4151 Sicinius.
808 4105 855 4149 Sed
866 4117 944 4162 quum
954 4108 980 4147 et
990 4110 1063 4157 supra
1078 4103 1103 4143 et
1118 4099 1182 4148 tntu

112 4171 145 4215 t'u
155 4169 307 4229 Capitolinis.
665 4177 764 4216 vamur
783 4168 828 4215 Cn.
845 4175 987 4226 praenomen
1006 4162 1028 4205 ei
1045 4171 1117 4210 suum
1136 4166 1181 4213 boc

150 4232 180 4280 ³1
203 4229 289 4295 Nepae
309 4233 337 4280 ab
357 4233 429 4281 dtus
449 4234 553 4279 numm
575 4231 634 4280 aiter
665 4232 826 4293 quoqneloco
836 4225 995 4274 restituimus·
