<?xml version="1.0" encoding="UTF-8"?>
<!DOCTYPE html PUBLIC "-//W3C//DTD XHTML 1.0 Transitional//EN"
    "http://www.w3.org/TR/xhtml1/DTD/xhtml1-transitional.dtd">
<html xmlns="http://www.w3.org/1999/xhtml" xml:lang="en" lang="en">
 <head>
  <title>
</title>
<meta http-equiv="Content-Type" content="text/html;charset=utf-8" />
  <meta name='ocr-system' content='tesseract 3.04.00' />
  <meta name='ocr-capabilities' content='ocr_page ocr_carea ocr_par ocr_line ocrx_word'/>
</head>
<body>
  <div class='ocr_page' id='page_1' title='image "./tliviipatavinih05crevgoog/tliviipatavinih05crevgoog_0072.png"; bbox 0 0 2942 4750; ppageno 0'>
   <div class='ocr_carea' id='block_1_1' title="bbox 298 166 967 231">
    <p class='ocr_par' dir='ltr' id='par_1_1' title="bbox 298 166 967 231">
     <span class='ocr_line' id='line_1_1' title="bbox 298 166 967 231; baseline -0.007 0"><span class='ocrx_word' id='word_1_1' title='bbox 298 175 337 231; x_wconf 72' lang='grc'><em>64</em></span> <span class='ocrx_word' id='word_1_2' title='bbox 691 167 801 229; x_wconf 76' lang='lat' dir='ltr'><em>nm</em></span> <span class='ocrx_word' id='word_1_3' title='bbox 828 166 967 227; x_wconf 80' lang='lat' dir='ltr'><em>Ltvtl</em></span> 
     </span>
    </p>
   </div>
   <div class='ocr_carea' id='block_1_2' title="bbox 137 328 1362 500">
    <p class='ocr_par' dir='ltr' id='par_1_2' title="bbox 137 328 1362 500">
     <span class='ocr_line' id='line_1_2' title="bbox 137 328 1360 416; baseline -0.013 -5"><span class='ocrx_word' id='word_1_4' title='bbox 137 360 167 409; x_wconf 76' lang='grc' dir='ltr'><em>υ.</em></span> <span class='ocrx_word' id='word_1_5' title='bbox 178 359 205 409; x_wconf 76' lang='lat' dir='ltr'><em>c</em></span> <span class='ocrx_word' id='word_1_6' title='bbox 217 357 272 407; x_wconf 82' lang='lat' dir='ltr'><em>sss.</em></span> <span class='ocrx_word' id='word_1_7' title='bbox 300 354 369 416; x_wconf 83' lang='lat' dir='ltr'><em>ceps</em></span> <span class='ocrx_word' id='word_1_8' title='bbox 382 332 441 410; x_wconf 79' lang='lat' dir='ltr'><em>bis,</em></span> <span class='ocrx_word' id='word_1_9' title='bbox 453 353 521 416; x_wconf 72' lang='lat' dir='ltr'><em>qiua</em></span> <span class='ocrx_word' id='word_1_10' title='bbox 530 352 633 397; x_wconf 87' lang='lat' dir='ltr'><em>annua</em></span> <span class='ocrx_word' id='word_1_11' title='bbox 643 332 795 394; x_wconf 83' lang='lat' dir='ltr'><em>merebant</em></span> <span class='ocrx_word' id='word_1_12' title='bbox 806 332 948 415; x_wconf 78' lang='lat' dir='ltr'><em>legiones,</em></span> <span class='ocrx_word' id='word_1_13' title='bbox 960 328 1196 413; x_wconf 81' lang='lat' dir='ltr'><em>stipendiafesi.</em></span> <span class='ocrx_word' id='word_1_14' title='bbox 1229 333 1301 396; x_wconf 78' lang='lat' dir='ltr'><em>&#39;Bis</em></span> <span class='ocrx_word' id='word_1_15' title='bbox 1311 331 1360 395; x_wconf 81' lang='lat' dir='ltr'><em>de·</em></span> 
     </span>
     <span class='ocr_line' id='line_1_3' title="bbox 137 415 1362 500; baseline -0.007 -11"><span class='ocrx_word' id='word_1_16' title='bbox 137 422 208 489; x_wconf 56' lang='lat'><em>4⁰·</em></span> <span class='ocrx_word' id='word_1_17' title='bbox 220 424 275 496; x_wconf 77' lang='lat' dir='ltr'><em>m.</em></span> <span class='ocrx_word' id='word_1_18' title='bbox 299 421 373 484; x_wconf 83' lang='lat' dir='ltr'><em>inde</em></span> <span class='ocrx_word' id='word_1_19' title='bbox 387 421 421 482; x_wconf 92' lang='lat' dir='ltr'><em>in</em></span> <span class='ocrx_word' id='word_1_20' title='bbox 435 419 598 500; x_wconf 78' lang='lat' dir='ltr'><em>Hispania</em></span> <span class='ocrx_word' id='word_1_21' title='bbox 611 417 757 494; x_wconf 86' lang='lat' dir='ltr'><em>militaui,</em></span> <span class='ocrx_word' id='word_1_22' title='bbox 771 419 861 480; x_wconf 75' lang='lat' dir='ltr'><em>suriel</em></span> <span class='ocrx_word' id='word_1_23' title='bbox 877 416 917 491; x_wconf 76' lang='lat' dir='ltr'><em>Q,</em></span> <span class='ocrx_word' id='word_1_24' title='bbox 929 416 1040 479; x_wconf 83' lang='lat' dir='ltr'><em>Fuluio</em></span> <span class='ocrx_word' id='word_1_25' title='bbox 1053 415 1174 495; x_wconf 65' lang='lat' dir='ltr'><em>Flacca</em></span> <span class='ocrx_word' id='word_1_26' title='bbox 1189 416 1297 481; x_wconf 90' lang='lat' dir='ltr'><em>iterum</em></span> <span class='ocrx_word' id='word_1_27' title='bbox 1316 417 1362 480; x_wconf 72' lang='grc' dir='ltr'><em>Ίὶ</em></span> 
     </span>
    </p>
   </div>
   <div class='ocr_carea' id='block_1_3' title="bbox 295 501 1452 1779">
    <p class='ocr_par' dir='ltr' id='par_1_3' title="bbox 295 501 1452 1779">
     <span class='ocr_line' id='line_1_4' title="bbox 300 501 1363 588; baseline -0.004 -19"><span class='ocrx_word' id='word_1_28' title='bbox 300 502 479 588; x_wconf 75' lang='lat' dir='ltr'><em>Sempromo</em></span> <span class='ocrx_word' id='word_1_29' title='bbox 496 501 636 566; x_wconf 76' lang='lat' dir='ltr'><em>Graccho</em></span> <span class='ocrx_word' id='word_1_30' title='bbox 649 510 787 581; x_wconf 73' lang='lat' dir='ltr'><em>pratum.</em></span> <span class='ocrx_word' id='word_1_31' title='bbox 824 502 857 564; x_wconf 88' lang='lat' dir='ltr'><em>A</em></span> <span class='ocrx_word' id='word_1_32' title='bbox 866 504 979 565; x_wconf 86' lang='lat' dir='ltr'><em>Flacco</em></span> <span class='ocrx_word' id='word_1_33' title='bbox 995 503 1075 565; x_wconf 90' lang='lat' dir='ltr'><em>inter</em></span> <span class='ocrx_word' id='word_1_34' title='bbox 1084 512 1204 579; x_wconf 83' lang='lat' dir='ltr'><em>ceteros,</em></span> <span class='ocrx_word' id='word_1_35' title='bbox 1217 524 1291 586; x_wconf 87' lang='lat' dir='ltr'><em>quos</em></span> <span class='ocrx_word' id='word_1_36' title='bbox 1303 504 1363 565; x_wconf 85' lang='lat' dir='ltr'><em>uir·</em></span> 
     </span>
     <span class='ocr_line' id='line_1_5' title="bbox 298 587 1362 668; baseline -0.007 -13"><span class='ocrx_word' id='word_1_37' title='bbox 298 592 372 655; x_wconf 77' lang='lat' dir='ltr'><em>tuns</em></span> <span class='ocrx_word' id='word_1_38' title='bbox 391 609 498 653; x_wconf 86' lang='lat' dir='ltr'><em>caussa</em></span> <span class='ocrx_word' id='word_1_39' title='bbox 511 608 608 649; x_wconf 73' lang='lat' dir='ltr'><em>murm</em></span> <span class='ocrx_word' id='word_1_40' title='bbox 622 608 662 647; x_wconf 83' lang='lat' dir='ltr'><em>en</em></span> <span class='ocrx_word' id='word_1_41' title='bbox 672 589 835 667; x_wconf 85' lang='lat' dir='ltr'><em>prouincia</em></span> <span class='ocrx_word' id='word_1_42' title='bbox 856 590 899 650; x_wconf 88' lang='lat' dir='ltr'><em>ad</em></span> <span class='ocrx_word' id='word_1_43' title='bbox 919 587 1102 668; x_wconf 81' lang='lat' dir='ltr'><em>triumphum</em></span> <span class='ocrx_word' id='word_1_44' title='bbox 1121 589 1293 666; x_wconf 83' lang='lat' dir='ltr'><em>deducebat,</em></span> <span class='ocrx_word' id='word_1_45' title='bbox 1309 589 1362 648; x_wconf 87' lang='lat' dir='ltr'><em>de·</em></span> 
     </span>
     <span class='ocr_line' id='line_1_6' title="bbox 299 668 1363 754; baseline -0.002 -18"><span class='ocrx_word' id='word_1_46' title='bbox 299 677 403 740; x_wconf 73' lang='lat' dir='ltr'><em>dunis</em></span> <span class='ocrx_word' id='word_1_47' title='bbox 415 694 489 736; x_wconf 77' lang='lat' dir='ltr'><em>nem,</em></span> <span class='ocrx_word' id='word_1_48' title='bbox 512 693 532 733; x_wconf 95' lang='lat' dir='ltr'><em>a</em></span> <span class='ocrx_word' id='word_1_49' title='bbox 545 672 602 733; x_wconf 79' lang='lat' dir='ltr'><em>Ti.</em></span> <span class='ocrx_word' id='word_1_50' title='bbox 616 670 756 734; x_wconf 77' lang='lat' dir='ltr'><strong><em>Graccho</em></strong></span> <span class='ocrx_word' id='word_1_51' title='bbox 768 682 901 754; x_wconf 64' lang='lat' dir='ltr'><em>ragalim</em></span> <span class='ocrx_word' id='word_1_52' title='bbox 916 668 949 734; x_wconf 89' lang='lat' dir='ltr'><em>in</em></span> <span class='ocrx_word' id='word_1_53' title='bbox 960 673 1148 753; x_wconf 86' lang='lat' dir='ltr'><em>prouinciam</em></span> <span class='ocrx_word' id='word_1_54' title='bbox 1164 676 1200 737; x_wconf 83' lang='lat' dir='ltr'><em>ii.</em></span> <span class='ocrx_word' id='word_1_55' title='bbox 1249 674 1363 747; x_wconf 83' lang='lat' dir='ltr'><em>Quater</em></span> 
     </span>
     <span class='ocr_line' id='line_1_7' title="bbox 299 756 1364 841; baseline -0.006 -18"><span class='ocrx_word' id='word_1_56' title='bbox 299 762 387 825; x_wconf 75' lang='lat' dir='ltr'><em>intra</em></span> <span class='ocrx_word' id='word_1_57' title='bbox 397 777 508 838; x_wconf 88' lang='lat' dir='ltr'><em>paucos</em></span> <span class='ocrx_word' id='word_1_58' title='bbox 521 777 618 819; x_wconf 88' lang='lat' dir='ltr'><em>annos</em></span> <span class='ocrx_word' id='word_1_59' title='bbox 626 758 764 838; x_wconf 84' lang='lat' dir='ltr'><em>priosum</em></span> <span class='ocrx_word' id='word_1_60' title='bbox 780 759 878 838; x_wconf 89' lang='lat' dir='ltr'><em>pilum</em></span> <span class='ocrx_word' id='word_1_61' title='bbox 891 760 968 820; x_wconf 78' lang='lat' dir='ltr'><em>duci</em></span> <span class='ocrx_word' id='word_1_62' title='bbox 973 781 983 817; x_wconf 91' lang='lat'><em>.·</em></span> <span class='ocrx_word' id='word_1_63' title='bbox 1006 765 1115 841; x_wconf 87' lang='lat' dir='ltr'><em>quater</em></span> <span class='ocrx_word' id='word_1_64' title='bbox 1131 768 1162 820; x_wconf 85' lang='lat' dir='ltr'><em>et</em></span> <span class='ocrx_word' id='word_1_65' title='bbox 1183 760 1287 821; x_wconf 78' lang='lat' dir='ltr'><em>tricies</em></span> <span class='ocrx_word' id='word_1_66' title='bbox 1305 756 1364 821; x_wconf 67' lang='lat' dir='ltr'><em>uir-</em></span> 
     </span>
     <span class='ocr_line' id='line_1_8' title="bbox 299 842 1363 924; baseline -0.003 -17"><span class='ocrx_word' id='word_1_67' title='bbox 299 844 489 907; x_wconf 76' lang='lat' dir='ltr'><em>ndiscaussa</em></span> <span class='ocrx_word' id='word_1_68' title='bbox 511 843 641 904; x_wconf 88' lang='lat' dir='ltr'><em>donatus</em></span> <span class='ocrx_word' id='word_1_69' title='bbox 662 842 701 904; x_wconf 82' lang='lat' dir='ltr'><em>ab</em></span> <span class='ocrx_word' id='word_1_70' title='bbox 722 843 954 924; x_wconf 71' lang='lat' dir='ltr'><em>imperatoribus</em></span> <span class='ocrx_word' id='word_1_71' title='bbox 977 863 1058 905; x_wconf 85' lang='lat' dir='ltr'><em>sum.-</em></span> <span class='ocrx_word' id='word_1_72' title='bbox 1080 864 1133 904; x_wconf 83' lang='lat' dir='ltr'><em>sec</em></span> <span class='ocrx_word' id='word_1_73' title='bbox 1153 843 1263 907; x_wconf 89' lang='lat' dir='ltr'><em>ciuicas</em></span> <span class='ocrx_word' id='word_1_74' title='bbox 1282 862 1363 905; x_wconf 67' lang='lat' dir='ltr'><em>cora</em></span> 
     </span>
     <span class='ocr_line' id='line_1_9' title="bbox 298 927 1365 1011; baseline -0.003 -19"><span class='ocrx_word' id='word_1_75' title='bbox 298 947 356 992; x_wconf 89' lang='lat' dir='ltr'><em>nas</em></span> <span class='ocrx_word' id='word_1_76' title='bbox 376 927 489 1008; x_wconf 84' lang='lat' dir='ltr'><em>accepi.</em></span> <span class='ocrx_word' id='word_1_77' title='bbox 519 928 631 1011; x_wconf 81' lang='lat' dir='ltr'><em>uiginti</em></span> <span class='ocrx_word' id='word_1_78' title='bbox 651 929 710 990; x_wconf 89' lang='lat' dir='ltr'><em>duo</em></span> <span class='ocrx_word' id='word_1_79' title='bbox 730 929 885 1009; x_wconf 75' lang='lat' dir='ltr'><em>stipendia</em></span> <span class='ocrx_word' id='word_1_80' title='bbox 905 947 1009 991; x_wconf 87' lang='lat' dir='ltr'><em>annua</em></span> <span class='ocrx_word' id='word_1_81' title='bbox 1032 928 1066 990; x_wconf 90' lang='lat' dir='ltr'><em>in</em></span> <span class='ocrx_word' id='word_1_82' title='bbox 1087 928 1220 991; x_wconf 76' lang='lat' dir='ltr'><em>enercitu</em></span> <span class='ocrx_word' id='word_1_83' title='bbox 1237 928 1365 991; x_wconf 86' lang='lat' dir='ltr'><em>emerita</em></span> 
     </span>
     <span class='ocr_line' id='line_1_10' title="bbox 298 1011 1364 1096; baseline -0.002 -20"><span class='ocrx_word' id='word_1_84' title='bbox 298 1013 403 1087; x_wconf 81' lang='lat' dir='ltr'><em>habeo,</em></span> <span class='ocrx_word' id='word_1_85' title='bbox 421 1022 449 1075; x_wconf 88' lang='lat' dir='ltr'><em>et</em></span> <span class='ocrx_word' id='word_1_86' title='bbox 472 1012 572 1094; x_wconf 79' lang='lat' dir='ltr'><em>ntajor</em></span> <span class='ocrx_word' id='word_1_87' title='bbox 589 1014 679 1075; x_wconf 88' lang='lat' dir='ltr'><em>annis</em></span> <span class='ocrx_word' id='word_1_88' title='bbox 702 1033 766 1075; x_wconf 86' lang='lat' dir='ltr'><em>sum</em></span> <span class='ocrx_word' id='word_1_89' title='bbox 785 1012 1017 1096; x_wconf 79' lang='lat' dir='ltr'><em>quinquaginta.</em></span> <span class='ocrx_word' id='word_1_90' title='bbox 1065 1011 1158 1086; x_wconf 70' lang='lat' dir='ltr'><em>stod</em></span> <span class='ocrx_word' id='word_1_91' title='bbox 1178 1013 1204 1075; x_wconf 87' lang='lat' dir='ltr'><em>si</em></span> <span class='ocrx_word' id='word_1_92' title='bbox 1224 1012 1298 1076; x_wconf 80' lang='lat' dir='ltr'><em>miii</em></span> <span class='ocrx_word' id='word_1_93' title='bbox 1311 1032 1364 1074; x_wconf 89' lang='lat' dir='ltr'><em>nec</em></span> 
     </span>
     <span class='ocr_line' id='line_1_11' title="bbox 298 1097 1364 1180; baseline -0.004 -17"><span class='ocrx_word' id='word_1_94' title='bbox 298 1099 454 1180; x_wconf 60' lang='lat' dir='ltr'><em>nurendia</em></span> <span class='ocrx_word' id='word_1_95' title='bbox 469 1097 569 1161; x_wconf 86' lang='lat' dir='ltr'><em>omnia</em></span> <span class='ocrx_word' id='word_1_96' title='bbox 585 1098 706 1161; x_wconf 73' lang='lat' dir='ltr'><em>moenita</em></span> <span class='ocrx_word' id='word_1_97' title='bbox 721 1107 826 1174; x_wconf 87' lang='lat' dir='ltr'><em>essent,</em></span> <span class='ocrx_word' id='word_1_98' title='bbox 842 1100 964 1160; x_wconf 78' lang='lat' dir='ltr'><em>irecdum</em></span> <span class='ocrx_word' id='word_1_99' title='bbox 978 1108 1055 1160; x_wconf 84' lang='lat' dir='ltr'><em>atas</em></span> <span class='ocrx_word' id='word_1_100' title='bbox 1068 1100 1256 1162; x_wconf 84' lang='lat' dir='ltr'><em>vacationem</em></span> <span class='ocrx_word' id='word_1_101' title='bbox 1268 1100 1364 1171; x_wconf 85' lang='lat' dir='ltr'><em>daret,</em></span> 
     </span>
     <span class='ocr_line' id='line_1_12' title="bbox 299 1182 1442 1271; baseline 0 -25"><span class='ocrx_word' id='word_1_102' title='bbox 299 1193 410 1259; x_wconf 70' lang='lat' dir='ltr'><em>tamem</em></span> <span class='ocrx_word' id='word_1_103' title='bbox 426 1205 514 1268; x_wconf 69' lang='lat' dir='ltr'><em>murm</em></span> <span class='ocrx_word' id='word_1_104' title='bbox 533 1192 663 1266; x_wconf 81' lang='lat' dir='ltr'><em>quatuor</em></span> <span class='ocrx_word' id='word_1_105' title='bbox 687 1182 797 1245; x_wconf 80' lang='lat' dir='ltr'><em>milites</em></span> <span class='ocrx_word' id='word_1_106' title='bbox 815 1204 876 1264; x_wconf 89' lang='lat' dir='ltr'><em>pro</em></span> <span class='ocrx_word' id='word_1_107' title='bbox 900 1205 947 1246; x_wconf 87' lang='lat' dir='ltr'><em>me</em></span> <span class='ocrx_word' id='word_1_108' title='bbox 968 1205 1029 1246; x_wconf 90' lang='lat' dir='ltr'><em>uno</em></span> <span class='ocrx_word' id='word_1_109' title='bbox 1053 1184 1132 1246; x_wconf 83' lang='lat' dir='ltr'><em>uobis</em></span> <span class='ocrx_word' id='word_1_110' title='bbox 1146 1184 1232 1259; x_wconf 89' lang='lat' dir='ltr'><em>dare,</em></span> <span class='ocrx_word' id='word_1_111' title='bbox 1247 1186 1291 1246; x_wconf 92' lang='lat' dir='ltr'><em>P.</em></span> <span class='ocrx_word' id='word_1_112' title='bbox 1306 1183 1365 1246; x_wconf 87' lang='lat' dir='ltr'><em>Li·</em></span> <span class='ocrx_word' id='word_1_113' title='bbox 1430 1254 1442 1271; x_wconf 34' lang='lat'>⁸</span> 
     </span>
     <span class='ocr_line' id='line_1_13' title="bbox 298 1262 1452 1352; baseline -0.004 -19"><span class='ocrx_word' id='word_1_114' title='bbox 298 1270 374 1349; x_wconf 90' lang='lat' dir='ltr'><em>cini,</em></span> <span class='ocrx_word' id='word_1_115' title='bbox 383 1290 512 1351; x_wconf 83' lang='lat' dir='ltr'><em>possem,</em></span> <span class='ocrx_word' id='word_1_116' title='bbox 528 1288 644 1352; x_wconf 78' lang='lat' dir='ltr'><em>aquam</em></span> <span class='ocrx_word' id='word_1_117' title='bbox 658 1277 727 1331; x_wconf 88' lang='lat' dir='ltr'><em>erat</em></span> <span class='ocrx_word' id='word_1_118' title='bbox 741 1288 787 1329; x_wconf 90' lang='lat' dir='ltr'><em>me</em></span> <span class='ocrx_word' id='word_1_119' title='bbox 801 1270 927 1331; x_wconf 87' lang='lat' dir='ltr'><em>dimitti.</em></span> <span class='ocrx_word' id='word_1_120' title='bbox 960 1270 1021 1332; x_wconf 87' lang='lat' dir='ltr'><em>Sed</em></span> <span class='ocrx_word' id='word_1_121' title='bbox 1030 1268 1093 1331; x_wconf 80' lang='lat' dir='ltr'><em>nac</em></span> <span class='ocrx_word' id='word_1_122' title='bbox 1104 1290 1161 1349; x_wconf 83' lang='lat' dir='ltr'><em>pro</em></span> <span class='ocrx_word' id='word_1_123' title='bbox 1175 1288 1285 1332; x_wconf 87' lang='lat' dir='ltr'><em>caussa</em></span> <span class='ocrx_word' id='word_1_124' title='bbox 1298 1288 1366 1330; x_wconf 79' lang='lat' dir='ltr'><em>ntea</em></span> <span class='ocrx_word' id='word_1_125' title='bbox 1444 1262 1452 1276; x_wconf 82' lang='grc'><strong><em>’</em></strong></span> 
     </span>
     <span class='ocr_line' id='line_1_14' title="bbox 296 1353 1368 1437; baseline -0.001 -20"><span class='ocrx_word' id='word_1_126' title='bbox 296 1355 384 1417; x_wconf 86' lang='lat' dir='ltr'><em>¹dicta</em></span> <span class='ocrx_word' id='word_1_127' title='bbox 399 1355 560 1437; x_wconf 77' lang='lat' dir='ltr'><em>accipiat&#39;u</em></span> <span class='ocrx_word' id='word_1_128' title='bbox 572 1353 676 1418; x_wconf 69' lang='lat' dir='ltr'><em>uelim·</em></span> <span class='ocrx_word' id='word_1_129' title='bbox 686 1390 690 1399; x_wconf 88' lang='lat'><em>·</em></span> <span class='ocrx_word' id='word_1_130' title='bbox 699 1354 765 1435; x_wconf 86' lang='lat' dir='ltr'><em>ipse</em></span> <span class='ocrx_word' id='word_1_131' title='bbox 777 1375 833 1430; x_wconf 89' lang='lat' dir='ltr'><em>me,</em></span> <span class='ocrx_word' id='word_1_132' title='bbox 848 1355 950 1436; x_wconf 80' lang='lat' dir='ltr'><em>quoad</em></span> <span class='ocrx_word' id='word_1_133' title='bbox 962 1355 1128 1437; x_wconf 78' lang='lat' dir='ltr'><em>quisquam,</em></span> <span class='ocrx_word' id='word_1_134' title='bbox 1145 1356 1200 1437; x_wconf 82' lang='lat' dir='ltr'><em>qui</em></span> <span class='ocrx_word' id='word_1_135' title='bbox 1220 1355 1368 1417; x_wconf 77' lang='lat' dir='ltr'><em>enercitm</em></span> 
     </span>
     <span class='ocr_line' id='line_1_15' title="bbox 298 1436 1366 1522; baseline -0.004 -18"><span class='ocrx_word' id='word_1_136' title='bbox 298 1440 414 1514; x_wconf 82' lang='lat' dir='ltr'><em>scribit,</em></span> <span class='ocrx_word' id='word_1_137' title='bbox 431 1443 567 1504; x_wconf 88' lang='lat' dir='ltr'><em>idoneum</em></span> <span class='ocrx_word' id='word_1_138' title='bbox 582 1439 709 1503; x_wconf 85' lang='lat' dir='ltr'><em>militem</em></span> <span class='ocrx_word' id='word_1_139' title='bbox 714 1436 882 1522; x_wconf 79' lang='lat' dir='ltr'><em>judicabit,</em></span> <span class='ocrx_word' id='word_1_140' title='bbox 899 1460 1058 1521; x_wconf 82' lang='lat' dir='ltr'><em>numquam</em></span> <span class='ocrx_word' id='word_1_141' title='bbox 1079 1460 1143 1502; x_wconf 81' lang='lat' dir='ltr'><em>sunt</em></span> <span class='ocrx_word' id='word_1_142' title='bbox 1165 1450 1366 1503; x_wconf 70' lang='lat' dir='ltr'><em>excantans.</em></span> 
     </span>
     <span class='ocr_line' id='line_1_16' title="bbox 300 1523 1367 1608; baseline -0.004 -19"><span class='ocrx_word' id='word_1_143' title='bbox 300 1525 479 1589; x_wconf 77' lang='lat' dir='ltr'><em>”Ordinem</em></span> <span class='ocrx_word' id='word_1_144' title='bbox 493 1546 551 1607; x_wconf 84' lang='lat' dir='ltr'><em>quo</em></span> <span class='ocrx_word' id='word_1_145' title='bbox 562 1546 610 1586; x_wconf 78' lang='lat' dir='ltr'><em>sne</em></span> <span class='ocrx_word' id='word_1_146' title='bbox 619 1523 1011 1608; x_wconf 78' lang='lat' dir='ltr'><em>dignumjudicenttribuni</em></span> <span class='ocrx_word' id='word_1_147' title='bbox 1024 1527 1164 1604; x_wconf 86' lang='lat' dir='ltr'><em>militum,</em></span> <span class='ocrx_word' id='word_1_148' title='bbox 1178 1526 1310 1606; x_wconf 79' lang='lat' dir='ltr'><em>ipsorum</em></span> <span class='ocrx_word' id='word_1_149' title='bbox 1324 1529 1367 1586; x_wconf 84' lang='lat' dir='ltr'><em>est</em></span> 
     </span>
     <span class='ocr_line' id='line_1_17' title="bbox 295 1609 1363 1698; baseline -0.003 -24"><span class='ocrx_word' id='word_1_150' title='bbox 295 1610 532 1698; x_wconf 75' lang='lat' dir='ltr'><em>potestatisene</em></span> <span class='ocrx_word' id='word_1_151' title='bbox 545 1611 614 1691; x_wconf 83' lang='lat' dir='ltr'><em>quis</em></span> <span class='ocrx_word' id='word_1_152' title='bbox 622 1630 668 1671; x_wconf 89' lang='lat' dir='ltr'><em>me</em></span> <span class='ocrx_word' id='word_1_153' title='bbox 677 1609 786 1673; x_wconf 81' lang='lat' dir='ltr'><em>uirtute</em></span> <span class='ocrx_word' id='word_1_154' title='bbox 801 1613 833 1673; x_wconf 86' lang='lat' dir='ltr'><em>in</em></span> <span class='ocrx_word' id='word_1_155' title='bbox 847 1612 980 1674; x_wconf 74' lang='lat' dir='ltr'><em>exercitu</em></span> <span class='ocrx_word' id='word_1_156' title='bbox 987 1620 1119 1690; x_wconf 82' lang='lat' dir='ltr'><em>prastet,</em></span> <span class='ocrx_word' id='word_1_157' title='bbox 1130 1610 1209 1672; x_wconf 80' lang='lat' dir='ltr'><em>dabo</em></span> <span class='ocrx_word' id='word_1_158' title='bbox 1223 1630 1363 1692; x_wconf 78' lang='lat' dir='ltr'><em>operam,-</em></span> 
     </span>
     <span class='ocr_line' id='line_1_18' title="bbox 300 1693 1367 1779; baseline -0.003 -19"><span class='ocrx_word' id='word_1_159' title='bbox 300 1704 364 1760; x_wconf 74' lang='lat' dir='ltr'><em>”ut</em></span> <span class='ocrx_word' id='word_1_160' title='bbox 376 1716 491 1778; x_wconf 80' lang='lat' dir='ltr'><em>semper</em></span> <span class='ocrx_word' id='word_1_161' title='bbox 505 1697 552 1756; x_wconf 86' lang='lat' dir='ltr'><em>ita</em></span> <span class='ocrx_word' id='word_1_162' title='bbox 554 1693 668 1777; x_wconf 83' lang='lat' dir='ltr'><em>fecisse</em></span> <span class='ocrx_word' id='word_1_163' title='bbox 680 1715 727 1756; x_wconf 88' lang='lat' dir='ltr'><em>me</em></span> <span class='ocrx_word' id='word_1_164' title='bbox 735 1705 765 1757; x_wconf 85' lang='lat' dir='ltr'><em>et</em></span> <span class='ocrx_word' id='word_1_165' title='bbox 776 1697 973 1777; x_wconf 86' lang='lat' dir='ltr'><em>imperatores</em></span> <span class='ocrx_word' id='word_1_166' title='bbox 984 1697 1052 1771; x_wconf 86' lang='lat' dir='ltr'><em>mei,</em></span> <span class='ocrx_word' id='word_1_167' title='bbox 1065 1705 1094 1758; x_wconf 85' lang='lat' dir='ltr'><em>et</em></span> <span class='ocrx_word' id='word_1_168' title='bbox 1109 1697 1163 1779; x_wconf 91' lang='lat' dir='ltr'><em>qui</em></span> <span class='ocrx_word' id='word_1_169' title='bbox 1177 1716 1237 1757; x_wconf 90' lang='lat' dir='ltr'><em>nna</em></span> <span class='ocrx_word' id='word_1_170' title='bbox 1251 1698 1367 1777; x_wconf 81' lang='lat' dir='ltr'><em>stipen-</em></span> 
     </span>
    </p>
   </div>
   <div class='ocr_carea' id='block_1_4' title="bbox 251 1779 1368 1863">
    <p class='ocr_par' dir='ltr' id='par_1_4' title="bbox 251 1779 1368 1863">
     <span class='ocr_line' id='line_1_19' title="bbox 251 1779 1368 1863; baseline -0.005 -16"><span class='ocrx_word' id='word_1_171' title='bbox 251 1838 263 1851; x_wconf 76' lang='grc'><em>,</em></span> <span class='ocrx_word' id='word_1_172' title='bbox 301 1780 510 1863; x_wconf 65' lang='lat' dir='ltr'><em>masenceium,</em></span> <span class='ocrx_word' id='word_1_173' title='bbox 526 1789 613 1843; x_wconf 86' lang='lat' dir='ltr'><em>testes</em></span> <span class='ocrx_word' id='word_1_174' title='bbox 626 1788 703 1842; x_wconf 88' lang='lat' dir='ltr'><em>sunt.</em></span> <span class='ocrx_word' id='word_1_175' title='bbox 753 1779 812 1843; x_wconf 88' lang='lat' dir='ltr'><em>Vos</em></span> <span class='ocrx_word' id='word_1_176' title='bbox 824 1802 940 1862; x_wconf 84' lang='lat' dir='ltr'><em>quoque</em></span> <span class='ocrx_word' id='word_1_177' title='bbox 948 1801 1067 1862; x_wconf 84' lang='lat' dir='ltr'><em>aquum</em></span> <span class='ocrx_word' id='word_1_178' title='bbox 1077 1790 1132 1858; x_wconf 88' lang='lat' dir='ltr'><em>est,</em></span> <span class='ocrx_word' id='word_1_179' title='bbox 1142 1781 1368 1853; x_wconf 83' lang='lat' dir='ltr'><em>commilitones,</em></span> 
     </span>
    </p>
   </div>
   <div class='ocr_carea' id='block_1_5' title="bbox 300 1861 1371 2035">
    <p class='ocr_par' dir='ltr' id='par_1_5' title="bbox 300 1861 1371 2035">
     <span class='ocr_line' id='line_1_20' title="bbox 301 1861 1371 1951; baseline -0.006 -19"><span class='ocrx_word' id='word_1_180' title='bbox 301 1870 357 1931; x_wconf 84' lang='lat' dir='ltr'><em>etsi</em></span> <span class='ocrx_word' id='word_1_181' title='bbox 377 1866 595 1951; x_wconf 83' lang='lat' dir='ltr'><em>adpellationis</em></span> <span class='ocrx_word' id='word_1_182' title='bbox 616 1863 698 1927; x_wconf 84' lang='lat' dir='ltr'><em>nobis</em></span> <span class='ocrx_word' id='word_1_183' title='bbox 718 1867 876 1945; x_wconf 77' lang='lat' dir='ltr'><em>unsrpatis</em></span> <span class='ocrx_word' id='word_1_184' title='bbox 886 1865 952 1946; x_wconf 87' lang='lat' dir='ltr'><em>jus,</em></span> <span class='ocrx_word' id='word_1_185' title='bbox 973 1886 1060 1946; x_wconf 84' lang='lat' dir='ltr'><em>quum</em></span> <span class='ocrx_word' id='word_1_186' title='bbox 1081 1865 1284 1929; x_wconf 76' lang='lat' dir='ltr'><em>adolescentes</em></span> <span class='ocrx_word' id='word_1_187' title='bbox 1297 1861 1371 1928; x_wconf 81' lang='lat' dir='ltr'><em>nihil</em></span> 
     </span>
     <span class='ocr_line' id='line_1_21' title="bbox 300 1948 1371 2035; baseline 0 -22"><span class='ocrx_word' id='word_1_188' title='bbox 300 1954 446 2015; x_wconf 68' lang='lat' dir='ltr'><em>adonem</em></span> <span class='ocrx_word' id='word_1_189' title='bbox 459 1954 694 2035; x_wconf 86' lang='lat' dir='ltr'><em>magistratuum</em></span> <span class='ocrx_word' id='word_1_190' title='bbox 707 1959 886 2032; x_wconf 80' lang='lat' dir='ltr'><em>senatusque</em></span> <span class='ocrx_word' id='word_1_191' title='bbox 899 1951 1109 2011; x_wconf 85' lang='lat' dir='ltr'><em>anctoritatem</em></span> <span class='ocrx_word' id='word_1_192' title='bbox 1123 1948 1371 2033; x_wconf 83' lang='lat' dir='ltr'><em>nsquumfeceri·</em></span> 
     </span>
    </p>
   </div>
   <div class='ocr_carea' id='block_1_6' title="bbox 288 2035 1370 2118">
    <p class='ocr_par' dir='ltr' id='par_1_6' title="bbox 288 2035 1370 2118">
     <span class='ocr_line' id='line_1_22' title="bbox 288 2035 1370 2118; baseline 0 -20"><span class='ocrx_word' id='word_1_193' title='bbox 288 2036 350 2110; x_wconf 73' lang='lat' dir='ltr'><em>tis,</em></span> <span class='ocrx_word' id='word_1_194' title='bbox 366 2056 445 2097; x_wconf 89' lang='lat' dir='ltr'><em>nunc</em></span> <span class='ocrx_word' id='word_1_195' title='bbox 458 2057 574 2118; x_wconf 77' lang='lat' dir='ltr'><em>qrcoque</em></span> <span class='ocrx_word' id='word_1_196' title='bbox 586 2037 619 2096; x_wconf 85' lang='lat' dir='ltr'><em>in</em></span> <span class='ocrx_word' id='word_1_197' title='bbox 628 2042 779 2116; x_wconf 76' lang='lat' dir='ltr'><em>potestate</em></span> <span class='ocrx_word' id='word_1_198' title='bbox 799 2044 918 2111; x_wconf 70' lang='lat' dir='ltr'><em>senatus</em></span> <span class='ocrx_word' id='word_1_199' title='bbox 938 2056 975 2094; x_wconf 92' lang='lat' dir='ltr'><em>ac</em></span> <span class='ocrx_word' id='word_1_200' title='bbox 996 2035 1145 2096; x_wconf 73' lang='lat' dir='ltr'><em>cononum</em></span> <span class='ocrx_word' id='word_1_201' title='bbox 1168 2046 1239 2110; x_wconf 85' lang='lat' dir='ltr'><em>esse,</em></span> <span class='ocrx_word' id='word_1_202' title='bbox 1255 2045 1286 2097; x_wconf 86' lang='lat' dir='ltr'><em>et</em></span> <span class='ocrx_word' id='word_1_203' title='bbox 1307 2056 1370 2098; x_wconf 88' lang='lat' dir='ltr'><em>om·</em></span> 
     </span>
    </p>
   </div>
   <div class='ocr_carea' id='block_1_7' title="bbox 290 2117 1307 2201">
    <p class='ocr_par' dir='ltr' id='par_1_7' title="bbox 290 2117 1307 2201">
     <span class='ocr_line' id='line_1_23' title="bbox 290 2117 1307 2201; baseline 0.001 -19"><span class='ocrx_word' id='word_1_204' title='bbox 290 2121 355 2183; x_wconf 89' lang='lat' dir='ltr'><em>nia</em></span> <span class='ocrx_word' id='word_1_205' title='bbox 370 2120 494 2184; x_wconf 78' lang='lat' dir='ltr'><em>iuuenta</em></span> <span class='ocrx_word' id='word_1_206' title='bbox 509 2120 573 2181; x_wconf 87' lang='lat' dir='ltr'><em>loco</em></span> <span class='ocrx_word' id='word_1_207' title='bbox 587 2121 702 2195; x_wconf 86' lang='lat' dir='ltr'><em>ducere,</em></span> <span class='ocrx_word' id='word_1_208' title='bbox 717 2118 822 2201; x_wconf 86' lang='lat' dir='ltr'><em>quibus</em></span> <span class='ocrx_word' id='word_1_209' title='bbox 835 2117 1046 2199; x_wconf 82' lang='lat' dir='ltr'><em>rempublicam</em></span> <span class='ocrx_word' id='word_1_210' title='bbox 1060 2118 1215 2199; x_wconf 61' lang='lat' dir='ltr'><em>dffensuri</em></span> <span class='ocrx_word' id='word_1_211' title='bbox 1227 2121 1307 2183; x_wconf 86' lang='lat' dir='ltr'><em>sitis.</em></span> 
     </span>
    </p>
   </div>
   <div class='ocr_carea' id='block_1_8' title="bbox 139 2200 1372 2279">
    <p class='ocr_par' dir='ltr' id='par_1_8' title="bbox 139 2200 1372 2279">
     <span class='ocr_line' id='line_1_24' title="bbox 139 2200 1372 2279; baseline 0.005 -17"><span class='ocrx_word' id='word_1_212' title='bbox 139 2214 293 2262; x_wconf 73' lang='lat' dir='ltr'><em>Petenisso-</em></span> <span class='ocrx_word' id='word_1_213' title='bbox 342 2203 486 2269; x_wconf 85' lang='lat' dir='ltr'>XXXV.</span> <span class='ocrx_word' id='word_1_214' title='bbox 511 2203 594 2268; x_wconf 79' lang='lat' dir='ltr'><em>Haec</em></span> <span class='ocrx_word' id='word_1_215' title='bbox 608 2202 665 2267; x_wconf 87' lang='lat' dir='ltr'><em>ubi</em></span> <span class='ocrx_word' id='word_1_216' title='bbox 680 2202 774 2279; x_wconf 77' lang='lat' dir='ltr'><em>dixit,</em></span> <span class='ocrx_word' id='word_1_217' title='bbox 790 2202 1014 2266; x_wconf 87' lang='lat' dir='ltr'><em>conlaudatum</em></span> <span class='ocrx_word' id='word_1_218' title='bbox 1035 2201 1143 2264; x_wconf 88' lang='lat' dir='ltr'><em>multis</em></span> <span class='ocrx_word' id='word_1_219' title='bbox 1165 2200 1267 2263; x_wconf 85' lang='lat' dir='ltr'><em>verbis</em></span> <span class='ocrx_word' id='word_1_220' title='bbox 1289 2226 1372 2267; x_wconf 89' lang='lat' dir='ltr'><em>con·</em></span> 
     </span>
    </p>
   </div>
   <div class='ocr_carea' id='block_1_9' title="bbox 143 2343 196 2394">
    <p class='ocr_par' dir='ltr' id='par_1_9' title="bbox 143 2343 196 2394">
     <span class='ocr_line' id='line_1_25' title="bbox 143 2343 196 2394; baseline 0 0"><span class='ocrx_word' id='word_1_221' title='bbox 143 2343 196 2394; x_wconf 75' lang='lat' dir='ltr'><em>Cos·</em></span> 
     </span>
    </p>
   </div>
   <div class='ocr_carea' id='block_1_10' title="bbox 139 2279 1371 2372">
    <p class='ocr_par' dir='ltr' id='par_1_10' title="bbox 139 2279 1371 2372">
     <span class='ocr_line' id='line_1_26' title="bbox 139 2279 1371 2372; baseline 0 -18"><span class='ocrx_word' id='word_1_222' title='bbox 139 2279 246 2326; x_wconf 59' lang='lat' dir='ltr'><em>‘&#39;m‘&#39;</em></span> <span class='ocrx_word' id='word_1_223' title='bbox 300 2289 349 2354; x_wconf 89' lang='lat' dir='ltr'><em>sul</em></span> <span class='ocrx_word' id='word_1_224' title='bbox 364 2312 405 2355; x_wconf 83' lang='lat' dir='ltr'><em>ex</em></span> <span class='ocrx_word' id='word_1_225' title='bbox 419 2289 573 2355; x_wconf 86' lang='lat' dir='ltr'><em>concione</em></span> <span class='ocrx_word' id='word_1_226' title='bbox 588 2289 621 2351; x_wconf 91' lang='lat' dir='ltr'><em>in</em></span> <span class='ocrx_word' id='word_1_227' title='bbox 636 2301 781 2352; x_wconf 88' lang='lat' dir='ltr'><em>senatum</em></span> <span class='ocrx_word' id='word_1_228' title='bbox 802 2288 904 2353; x_wconf 82' lang='lat' dir='ltr'><em>duxit</em></span> <span class='ocrx_word' id='word_1_229' title='bbox 948 2286 998 2351; x_wconf 87' lang='lat' dir='ltr'><em>lbi</em></span> <span class='ocrx_word' id='word_1_230' title='bbox 1017 2309 1144 2372; x_wconf 90' lang='lat' dir='ltr'><em>quoque</em></span> <span class='ocrx_word' id='word_1_231' title='bbox 1158 2286 1187 2349; x_wconf 86' lang='lat' dir='ltr'><em>ei</em></span> <span class='ocrx_word' id='word_1_232' title='bbox 1202 2308 1241 2350; x_wconf 83' lang='lat' dir='ltr'><em>ex</em></span> <span class='ocrx_word' id='word_1_233' title='bbox 1255 2299 1371 2354; x_wconf 85' lang='lat' dir='ltr'><em>aucto·</em></span> 
     </span>
    </p>
   </div>
   <div class='ocr_carea' id='block_1_11' title="bbox 300 2370 1371 2548">
    <p class='ocr_par' dir='ltr' id='par_1_11' title="bbox 300 2370 1371 2548">
     <span class='ocr_line' id='line_1_27' title="bbox 300 2370 1371 2463; baseline -0.001 -23"><span class='ocrx_word' id='word_1_234' title='bbox 300 2377 394 2443; x_wconf 81' lang='lat' dir='ltr'><em>ritate</em></span> <span class='ocrx_word' id='word_1_235' title='bbox 415 2389 541 2441; x_wconf 86' lang='lat' dir='ltr'><em>senatus</em></span> <span class='ocrx_word' id='word_1_236' title='bbox 562 2375 675 2463; x_wconf 83' lang='lat' dir='ltr'><em>gratiae</em></span> <span class='ocrx_word' id='word_1_237' title='bbox 696 2388 786 2452; x_wconf 78' lang='lat' dir='ltr'><em>actm,</em></span> <span class='ocrx_word' id='word_1_238' title='bbox 809 2374 992 2459; x_wconf 88' lang='lat' dir='ltr'><em>tribunique</em></span> <span class='ocrx_word' id='word_1_239' title='bbox 1012 2372 1165 2437; x_wconf 85' lang='lat' dir='ltr'><em>militares</em></span> <span class='ocrx_word' id='word_1_240' title='bbox 1188 2373 1220 2434; x_wconf 89' lang='lat' dir='ltr'><em>in</em></span> <span class='ocrx_word' id='word_1_241' title='bbox 1243 2370 1371 2461; x_wconf 82' lang='lat' dir='ltr'><em>legione</em></span> 
     </span>
     <span class='ocr_line' id='line_1_28' title="bbox 300 2457 1371 2548; baseline -0.004 -20"><span class='ocrx_word' id='word_1_242' title='bbox 300 2465 405 2548; x_wconf 87' lang='lat' dir='ltr'><em>prima</em></span> <span class='ocrx_word' id='word_1_243' title='bbox 429 2464 569 2548; x_wconf 86' lang='lat' dir='ltr'><em>primurn</em></span> <span class='ocrx_word' id='word_1_244' title='bbox 587 2461 687 2546; x_wconf 87' lang='lat' dir='ltr'><em>pilum</em></span> <span class='ocrx_word' id='word_1_245' title='bbox 711 2461 836 2524; x_wconf 87' lang='lat' dir='ltr'><em>virtutis</em></span> <span class='ocrx_word' id='word_1_246' title='bbox 854 2482 965 2524; x_wconf 81' lang='lat' dir='ltr'><em>caussa</em></span> <span class='ocrx_word' id='word_1_247' title='bbox 983 2460 1013 2523; x_wconf 90' lang='lat' dir='ltr'><em>ei</em></span> <span class='ocrx_word' id='word_1_248' title='bbox 1032 2457 1248 2545; x_wconf 79' lang='lat' dir='ltr'><em>adsignarunt</em></span> <span class='ocrx_word' id='word_1_249' title='bbox 1272 2459 1371 2524; x_wconf 86' lang='lat' dir='ltr'><em>ceteri</em></span> 
     </span>
    </p>
   </div>
   <div class='ocr_carea' id='block_1_12' title="bbox 236 2543 1370 2628">
    <p class='ocr_par' dir='ltr' id='par_1_12' title="bbox 236 2543 1370 2628">
     <span class='ocr_line' id='line_1_29' title="bbox 236 2543 1370 2628; baseline -0.004 -14"><span class='ocrx_word' id='word_1_250' title='bbox 236 2567 243 2580; x_wconf 90' lang='lat'><strong>·</strong></span> <span class='ocrx_word' id='word_1_251' title='bbox 301 2551 513 2628; x_wconf 80' lang='lat' dir='ltr'><em>centuriones,</em></span> <span class='ocrx_word' id='word_1_252' title='bbox 540 2549 657 2611; x_wconf 88' lang='lat' dir='ltr'><em>omissa</em></span> <span class='ocrx_word' id='word_1_253' title='bbox 686 2545 909 2628; x_wconf 85' lang='lat' dir='ltr'><em>adpellatione,</em></span> <span class='ocrx_word' id='word_1_254' title='bbox 932 2546 973 2608; x_wconf 86' lang='lat' dir='ltr'><em>ad</em></span> <span class='ocrx_word' id='word_1_255' title='bbox 998 2544 1154 2608; x_wconf 86' lang='lat' dir='ltr'><em>delectum</em></span> <span class='ocrx_word' id='word_1_256' title='bbox 1184 2543 1370 2610; x_wconf 80' lang='lat' dir='ltr'><em>obedienter</em></span> 
     </span>
    </p>
   </div>
   <div class='ocr_carea' id='block_1_13' title="bbox 301 2629 1445 3565">
    <p class='ocr_par' dir='ltr' id='par_1_13' title="bbox 301 2629 1445 3565">
     <span class='ocr_line' id='line_1_30' title="bbox 301 2629 1445 2715; baseline -0.001 -21"><span class='ocrx_word' id='word_1_257' title='bbox 301 2632 546 2714; x_wconf 84' lang='lat' dir='ltr'><em>responderunt.</em></span> <span class='ocrx_word' id='word_1_258' title='bbox 591 2629 668 2701; x_wconf 88' lang='lat' dir='ltr'><em>Quo</em></span> <span class='ocrx_word' id='word_1_259' title='bbox 682 2632 836 2691; x_wconf 87' lang='lat' dir='ltr'><em>maturius</em></span> <span class='ocrx_word' id='word_1_260' title='bbox 848 2631 881 2690; x_wconf 92' lang='lat' dir='ltr'><em>in</em></span> <span class='ocrx_word' id='word_1_261' title='bbox 893 2629 1071 2710; x_wconf 87' lang='lat' dir='ltr'><em>provincias</em></span> <span class='ocrx_word' id='word_1_262' title='bbox 1082 2629 1283 2715; x_wconf 79' lang='lat' dir='ltr'><em>magistratus</em></span> <span class='ocrx_word' id='word_1_263' title='bbox 1293 2652 1369 2714; x_wconf 89' lang='lat' dir='ltr'><em>pro-</em></span> <span class='ocrx_word' id='word_1_264' title='bbox 1438 2659 1445 2680; x_wconf 86' lang='lat'><strong>·</strong></span> 
     </span>
     <span class='ocr_line' id='line_1_31' title="bbox 301 2709 1370 2801; baseline -0.001 -23"><span class='ocrx_word' id='word_1_265' title='bbox 301 2714 526 2787; x_wconf 82' lang='lat' dir='ltr'><em>liciseerentur,</em></span> <span class='ocrx_word' id='word_1_266' title='bbox 543 2712 668 2774; x_wconf 76' lang='lat' dir='ltr'><em>Latinas</em></span> <span class='ocrx_word' id='word_1_267' title='bbox 684 2709 839 2775; x_wconf 81' lang='lat' dir='ltr'><em>Kalendis</em></span> <span class='ocrx_word' id='word_1_268' title='bbox 853 2711 958 2775; x_wconf 86' lang='lat' dir='ltr'><em>Juniis</em></span> <span class='ocrx_word' id='word_1_269' title='bbox 970 2711 1075 2775; x_wconf 68' lang='lat' dir='ltr'><em>ferere:</em></span> <span class='ocrx_word' id='word_1_270' title='bbox 1099 2737 1202 2801; x_wconf 90' lang='lat' dir='ltr'><em>eoque</em></span> <span class='ocrx_word' id='word_1_271' title='bbox 1222 2714 1370 2779; x_wconf 87' lang='lat' dir='ltr'><em>sollemni</em></span> 
     </span>
     <span class='ocr_line' id='line_1_32' title="bbox 301 2794 1372 2883; baseline 0.004 -22"><span class='ocrx_word' id='word_1_272' title='bbox 301 2797 454 2883; x_wconf 85' lang='lat' dir='ltr'><em>perfecto,</em></span> <span class='ocrx_word' id='word_1_273' title='bbox 478 2796 519 2859; x_wconf 83' lang='lat' dir='ltr'><em>C.</em></span> <span class='ocrx_word' id='word_1_274' title='bbox 541 2794 710 2858; x_wconf 88' lang='lat' dir='ltr'><em>Lucretius</em></span> <span class='ocrx_word' id='word_1_275' title='bbox 730 2807 859 2879; x_wconf 83' lang='lat' dir='ltr'><em>ptaetor,</em></span> <span class='ocrx_word' id='word_1_276' title='bbox 882 2795 1040 2876; x_wconf 87' lang='lat' dir='ltr'><em>omnibus,</em></span> <span class='ocrx_word' id='word_1_277' title='bbox 1062 2821 1135 2883; x_wconf 84' lang='lat' dir='ltr'><em>quae</em></span> <span class='ocrx_word' id='word_1_278' title='bbox 1165 2800 1205 2863; x_wconf 87' lang='lat' dir='ltr'><em>ad</em></span> <span class='ocrx_word' id='word_1_279' title='bbox 1238 2798 1372 2868; x_wconf 84' lang='lat' dir='ltr'><em>classem</em></span> 
     </span>
     <span class='ocr_line' id='line_1_33' title="bbox 302 2879 1371 2966; baseline 0 -19"><span class='ocrx_word' id='word_1_280' title='bbox 302 2904 383 2966; x_wconf 90' lang='lat' dir='ltr'><em>opus</em></span> <span class='ocrx_word' id='word_1_281' title='bbox 408 2894 508 2957; x_wconf 89' lang='lat' dir='ltr'><em>erant,</em></span> <span class='ocrx_word' id='word_1_282' title='bbox 524 2879 706 2965; x_wconf 74' lang='lat' dir='ltr'><em>praemissis,</em></span> <span class='ocrx_word' id='word_1_283' title='bbox 732 2881 936 2944; x_wconf 88' lang='lat' dir='ltr'><em>Brundisium</em></span> <span class='ocrx_word' id='word_1_284' title='bbox 960 2894 1007 2945; x_wconf 88' lang='lat' dir='ltr'><em>est</em></span> <span class='ocrx_word' id='word_1_285' title='bbox 1055 2884 1199 2949; x_wconf 83' lang='lat' dir='ltr'><em>rofectus.</em></span> <span class='ocrx_word' id='word_1_286' title='bbox 1244 2884 1371 2949; x_wconf 85' lang='lat' dir='ltr'><em>Praeter</em></span> 
     </span>
     <span class='ocr_line' id='line_1_34' title="bbox 302 2904 1374 3055; baseline 0.001 -23"><span class='ocrx_word' id='word_1_287' title='bbox 302 2990 357 3032; x_wconf 89' lang='lat' dir='ltr'><em>eos</em></span> <span class='ocrx_word' id='word_1_288' title='bbox 391 2968 559 3042; x_wconf 85' lang='lat' dir='ltr'><em>exercitus,</em></span> <span class='ocrx_word' id='word_1_289' title='bbox 589 2986 670 3049; x_wconf 90' lang='lat' dir='ltr'><em>quos</em></span> <span class='ocrx_word' id='word_1_290' title='bbox 706 2965 851 3029; x_wconf 75' lang='lat' dir='ltr'><em>consides</em></span> <span class='ocrx_word' id='word_1_291' title='bbox 882 2904 1120 3051; x_wconf 52' lang='lat' dir='ltr'><em>compungant,</em></span> <span class='ocrx_word' id='word_1_292' title='bbox 1154 2970 1194 3033; x_wconf 90' lang='lat' dir='ltr'><em>C.</em></span> <span class='ocrx_word' id='word_1_293' title='bbox 1226 2970 1374 3055; x_wconf 89' lang='lat' dir='ltr'><em>Sulpicio</em></span> 
     </span>
     <span class='ocr_line' id='line_1_35' title="bbox 303 3049 1371 3142; baseline 0.001 -23"><span class='ocrx_word' id='word_1_294' title='bbox 303 3053 418 3118; x_wconf 84' lang='lat' dir='ltr'><em>Galbae</em></span> <span class='ocrx_word' id='word_1_295' title='bbox 462 3051 570 3116; x_wconf 79' lang='lat' dir='ltr'><em>roetori</em></span> <span class='ocrx_word' id='word_1_296' title='bbox 594 3050 759 3136; x_wconf 82' lang='lat' dir='ltr'><em>negotium</em></span> <span class='ocrx_word' id='word_1_297' title='bbox 780 3051 900 3129; x_wconf 91' lang='lat' dir='ltr'><em>datum,</em></span> <span class='ocrx_word' id='word_1_298' title='bbox 918 3065 953 3117; x_wconf 89' lang='lat' dir='ltr'><em>ut</em></span> <span class='ocrx_word' id='word_1_299' title='bbox 974 3066 1110 3138; x_wconf 84' lang='lat' dir='ltr'><em>quatuor</em></span> <span class='ocrx_word' id='word_1_300' title='bbox 1130 3049 1271 3142; x_wconf 87' lang='lat' dir='ltr'><em>legiones</em></span> <span class='ocrx_word' id='word_1_301' title='bbox 1292 3057 1371 3120; x_wconf 87' lang='lat' dir='ltr'><em>scri-</em></span> 
     </span>
     <span class='ocr_line' id='line_1_36' title="bbox 302 3076 1372 3227; baseline 0.001 -24"><span class='ocrx_word' id='word_1_302' title='bbox 302 3135 392 3203; x_wconf 83' lang='lat' dir='ltr'><em>beret</em></span> <span class='ocrx_word' id='word_1_303' title='bbox 406 3076 543 3203; x_wconf 60' lang='lat' dir='ltr'><em>arianas</em></span> <span class='ocrx_word' id='word_1_304' title='bbox 560 3137 649 3222; x_wconf 88' lang='lat' dir='ltr'><em>justo</em></span> <span class='ocrx_word' id='word_1_305' title='bbox 668 3158 803 3201; x_wconf 83' lang='lat' dir='ltr'><em>numero</em></span> <span class='ocrx_word' id='word_1_306' title='bbox 825 3137 967 3222; x_wconf 90' lang='lat' dir='ltr'><em>peditum</em></span> <span class='ocrx_word' id='word_1_307' title='bbox 990 3140 1214 3224; x_wconf 83' lang='lat' dir='ltr'><em>equitumque3</em></span> <span class='ocrx_word' id='word_1_308' title='bbox 1237 3141 1372 3227; x_wconf 75' lang='lat' dir='ltr'><em>”iisque</em></span> 
     </span>
     <span class='ocr_line' id='line_1_37' title="bbox 304 3222 1372 3312; baseline 0.004 -25"><span class='ocrx_word' id='word_1_309' title='bbox 304 3236 441 3310; x_wconf 84' lang='lat' dir='ltr'><em>quatuor</em></span> <span class='ocrx_word' id='word_1_310' title='bbox 457 3222 602 3286; x_wconf 87' lang='lat' dir='ltr'><em>tribunos</em></span> <span class='ocrx_word' id='word_1_311' title='bbox 616 3222 755 3286; x_wconf 89' lang='lat' dir='ltr'><em>militum</em></span> <span class='ocrx_word' id='word_1_312' title='bbox 777 3247 816 3286; x_wconf 85' lang='lat' dir='ltr'><em>ex</em></span> <span class='ocrx_word' id='word_1_313' title='bbox 837 3234 949 3287; x_wconf 90' lang='lat' dir='ltr'><em>senatu</em></span> <span class='ocrx_word' id='word_1_314' title='bbox 963 3224 1091 3312; x_wconf 82' lang='lat' dir='ltr'><em>legeret,</em></span> <span class='ocrx_word' id='word_1_315' title='bbox 1107 3227 1161 3310; x_wconf 90' lang='lat' dir='ltr'><em>qui</em></span> <span class='ocrx_word' id='word_1_316' title='bbox 1177 3241 1372 3309; x_wconf 84' lang='lat' dir='ltr'><em>praeessent:</em></span> 
     </span>
     <span class='ocr_line' id='line_1_38' title="bbox 302 3307 1440 3394; baseline 0.002 -22"><span class='ocrx_word' id='word_1_317' title='bbox 302 3307 395 3372; x_wconf 88' lang='lat' dir='ltr'><em>sociis</em></span> <span class='ocrx_word' id='word_1_318' title='bbox 417 3309 523 3372; x_wconf 88' lang='lat' dir='ltr'><em>Latini</em></span> <span class='ocrx_word' id='word_1_319' title='bbox 544 3307 681 3371; x_wconf 89' lang='lat' dir='ltr'><em>nominis</em></span> <span class='ocrx_word' id='word_1_320' title='bbox 702 3310 874 3393; x_wconf 81' lang='lat' dir='ltr'><em>imperaret</em></span> <span class='ocrx_word' id='word_1_321' title='bbox 888 3310 1067 3394; x_wconf 89' lang='lat' dir='ltr'><em>quindecim</em></span> <span class='ocrx_word' id='word_1_322' title='bbox 1090 3309 1190 3388; x_wconf 80' lang='lat' dir='ltr'><em>millia</em></span> <span class='ocrx_word' id='word_1_323' title='bbox 1210 3310 1369 3394; x_wconf 86' lang='lat' dir='ltr'><em>peditum,</em></span> <span class='ocrx_word' id='word_1_324' title='bbox 1433 3353 1440 3374; x_wconf 80' lang='grc'><strong>.</strong></span> 
     </span>
     <span class='ocr_line' id='line_1_39' title="bbox 302 3393 1370 3480; baseline 0.005 -22"><span class='ocrx_word' id='word_1_325' title='bbox 302 3393 391 3458; x_wconf 81' lang='lat' dir='ltr'><em>inille</em></span> <span class='ocrx_word' id='word_1_326' title='bbox 411 3408 444 3459; x_wconf 91' lang='lat' dir='ltr'><em>et</em></span> <span class='ocrx_word' id='word_1_327' title='bbox 465 3394 618 3459; x_wconf 87' lang='lat' dir='ltr'><em>ducentos</em></span> <span class='ocrx_word' id='word_1_328' title='bbox 640 3394 770 3479; x_wconf 83' lang='lat' dir='ltr'><em>equites.</em></span> <span class='ocrx_word' id='word_1_329' title='bbox 827 3394 858 3457; x_wconf 90' lang='lat' dir='ltr'><em>Is</em></span> <span class='ocrx_word' id='word_1_330' title='bbox 880 3396 1036 3459; x_wconf 85' lang='lat' dir='ltr'><em>exercitus</em></span> <span class='ocrx_word' id='word_1_331' title='bbox 1057 3396 1105 3459; x_wconf 86' lang='lat' dir='ltr'><em>uti</em></span> <span class='ocrx_word' id='word_1_332' title='bbox 1126 3408 1253 3480; x_wconf 87' lang='lat' dir='ltr'><em>paratus</em></span> <span class='ocrx_word' id='word_1_333' title='bbox 1274 3411 1370 3475; x_wconf 85' lang='lat' dir='ltr'><em>esset,</em></span> 
     </span>
     <span class='ocr_line' id='line_1_40' title="bbox 303 3478 1372 3565; baseline 0.006 -22"><span class='ocrx_word' id='word_1_334' title='bbox 303 3501 368 3565; x_wconf 91' lang='lat' dir='ltr'><em>quo</em></span> <span class='ocrx_word' id='word_1_335' title='bbox 389 3492 516 3545; x_wconf 83' lang='lat' dir='ltr'><em>senatus</em></span> <span class='ocrx_word' id='word_1_336' title='bbox 538 3479 718 3545; x_wconf 88' lang='lat' dir='ltr'><em>censuisset.</em></span> <span class='ocrx_word' id='word_1_337' title='bbox 774 3478 813 3545; x_wconf 90' lang='lat' dir='ltr'><em>P.</em></span> <span class='ocrx_word' id='word_1_338' title='bbox 838 3478 964 3545; x_wconf 88' lang='lat' dir='ltr'><em>Licinio</em></span> <span class='ocrx_word' id='word_1_339' title='bbox 985 3480 1108 3545; x_wconf 89' lang='lat' dir='ltr'><em>consuli</em></span> <span class='ocrx_word' id='word_1_340' title='bbox 1129 3481 1171 3545; x_wconf 91' lang='lat' dir='ltr'><em>ad</em></span> <span class='ocrx_word' id='word_1_341' title='bbox 1192 3485 1372 3549; x_wconf 89' lang='lat' dir='ltr'><em>exercitum</em></span> 
     </span>
    </p>
   </div>
   <div class='ocr_carea' id='block_1_14' title="bbox 300 3623 1373 4326">
    <p class='ocr_par' dir='ltr' id='par_1_14' title="bbox 301 3623 1372 3940">
     <span class='ocr_line' id='line_1_41' title="bbox 303 3623 1370 3688; baseline 0.002 -16"><span class='ocrx_word' id='word_1_342' title='bbox 303 3625 360 3672; x_wconf 82' lang='lat' dir='ltr'><em>iude</em></span> <span class='ocrx_word' id='word_1_343' title='bbox 371 3624 513 3685; x_wconf 75' lang='lat' dir='ltr'><em>Ligustinus</em></span> <span class='ocrx_word' id='word_1_344' title='bbox 523 3626 575 3684; x_wconf 83' lang='lat' dir='ltr'><em>ipse</em></span> <span class='ocrx_word' id='word_1_345' title='bbox 585 3625 649 3678; x_wconf 71' lang='lat' dir='ltr'><em>intra</em></span> <span class='ocrx_word' id='word_1_346' title='bbox 664 3625 723 3671; x_wconf 86' lang='lat' dir='ltr'><em>dicit</em></span> <span class='ocrx_word' id='word_1_347' title='bbox 739 3637 764 3671; x_wconf 88' lang='lat' dir='ltr'><em>se</em></span> <span class='ocrx_word' id='word_1_348' title='bbox 775 3623 820 3671; x_wconf 86' lang='lat' dir='ltr'><em>duo</em></span> <span class='ocrx_word' id='word_1_349' title='bbox 884 3625 913 3671; x_wconf 85' lang='lat'><em>21</em></span> <span class='ocrx_word' id='word_1_350' title='bbox 937 3627 1015 3687; x_wconf 68' lang='lat' dir='ltr'><em>Fitque</em></span> <span class='ocrx_word' id='word_1_351' title='bbox 1030 3631 1127 3688; x_wconf 72' lang='lat' dir='ltr'><em>quatum</em></span> <span class='ocrx_word' id='word_1_352' title='bbox 1143 3626 1246 3673; x_wconf 73' lang='lat' dir='ltr'><em>tribunat</em></span> <span class='ocrx_word' id='word_1_353' title='bbox 1264 3627 1370 3674; x_wconf 72' lang='lat' dir='ltr'><em>militum</em></span> 
     </span>
     <span class='ocr_line' id='line_1_42' title="bbox 303 3688 1371 3753; baseline 0.001 -17"><span class='ocrx_word' id='word_1_354' title='bbox 303 3691 401 3736; x_wconf 72' lang='lat' dir='ltr'><em>tantum</em></span> <span class='ocrx_word' id='word_1_355' title='bbox 411 3694 434 3734; x_wconf 87' lang='lat' dir='ltr'><em>et</em></span> <span class='ocrx_word' id='word_1_356' title='bbox 445 3688 531 3749; x_wconf 76' lang='lat' dir='ltr'><em>otgtnrt</em></span> <span class='ocrx_word' id='word_1_357' title='bbox 546 3688 659 3748; x_wconf 78' lang='lat' dir='ltr'><em>stipendia</em></span> <span class='ocrx_word' id='word_1_358' title='bbox 674 3702 752 3735; x_wconf 78' lang='lat' dir='ltr'><em>annua</em></span> <span class='ocrx_word' id='word_1_359' title='bbox 761 3702 820 3735; x_wconf 69' lang='lat' dir='ltr'><em>nno</em></span> <span class='ocrx_word' id='word_1_360' title='bbox 851 3702 880 3735; x_wconf 80' lang='lat' dir='ltr'><em>eu</em></span> <span class='ocrx_word' id='word_1_361' title='bbox 893 3695 973 3736; x_wconf 81' lang='lat' dir='ltr'><em>senatu</em></span> <span class='ocrx_word' id='word_1_362' title='bbox 992 3692 1085 3752; x_wconf 81' lang='lat' dir='ltr'><em>tegeret,</em></span> <span class='ocrx_word' id='word_1_363' title='bbox 1101 3692 1142 3750; x_wconf 79' lang='lat' dir='ltr'><em>qut</em></span> <span class='ocrx_word' id='word_1_364' title='bbox 1155 3688 1292 3753; x_wconf 68' lang='lat' dir='ltr'><em>pauens]</em></span> <span class='ocrx_word' id='word_1_365' title='bbox 1315 3691 1371 3737; x_wconf 86' lang='lat' dir='ltr'><em>Hoc</em></span> 
     </span>
     <span class='ocr_line' id='line_1_43' title="bbox 301 3751 1371 3812; baseline -0.001 -12"><span class='ocrx_word' id='word_1_366' title='bbox 301 3754 351 3800; x_wconf 75' lang='lat' dir='ltr'><em>etta</em></span> <span class='ocrx_word' id='word_1_367' title='bbox 361 3753 457 3805; x_wconf 81' lang='lat' dir='ltr'><em>habere,</em></span> <span class='ocrx_word' id='word_1_368' title='bbox 469 3765 517 3799; x_wconf 87' lang='lat' dir='ltr'><em>non</em></span> <span class='ocrx_word' id='word_1_369' title='bbox 528 3753 577 3799; x_wconf 88' lang='lat' dir='ltr'><em>duo</em></span> <span class='ocrx_word' id='word_1_370' title='bbox 588 3759 613 3796; x_wconf 85' lang='lat' dir='ltr'><em>et</em></span> <span class='ocrx_word' id='word_1_371' title='bbox 626 3753 732 3812; x_wconf 77' lang='lat' dir='ltr'><em>triginta.</em></span> <span class='ocrx_word' id='word_1_372' title='bbox 766 3751 819 3798; x_wconf 83' lang='lat' dir='ltr'><em>Nos</em></span> <span class='ocrx_word' id='word_1_373' title='bbox 851 3755 993 3800; x_wconf 83' lang='lat' dir='ltr'><em>notandum.</em></span> <span class='ocrx_word' id='word_1_374' title='bbox 1027 3754 1092 3800; x_wconf 80' lang='lat' dir='ltr'><em>Nem</em></span> <span class='ocrx_word' id='word_1_375' title='bbox 1108 3768 1140 3800; x_wconf 85' lang='lat' dir='ltr'><em>ex</em></span> <span class='ocrx_word' id='word_1_376' title='bbox 1155 3767 1223 3800; x_wconf 85' lang='lat' dir='ltr'><em>more</em></span> <span class='ocrx_word' id='word_1_377' title='bbox 1238 3754 1311 3799; x_wconf 87' lang='lat' dir='ltr'><em>solito</em></span> <span class='ocrx_word' id='word_1_378' title='bbox 1327 3755 1371 3799; x_wconf 82' lang='lat' dir='ltr'><em>tri-</em></span> 
     </span>
     <span class='ocr_line' id='line_1_44' title="bbox 303 3815 1372 3878; baseline 0 -14"><span class='ocrx_word' id='word_1_379' title='bbox 303 3817 365 3864; x_wconf 86' lang='lat' dir='ltr'><em>nihil</em></span> <span class='ocrx_word' id='word_1_380' title='bbox 375 3817 492 3862; x_wconf 80' lang='lat' dir='ltr'><em>hebemus</em></span> <span class='ocrx_word' id='word_1_381' title='bbox 501 3815 582 3876; x_wconf 77' lang='lat' dir='ltr'><em>plene,</em></span> <span class='ocrx_word' id='word_1_382' title='bbox 594 3816 658 3875; x_wconf 89' lang='lat' dir='ltr'><em>quod</em></span> <span class='ocrx_word' id='word_1_383' title='bbox 669 3818 700 3862; x_wconf 87' lang='lat' dir='ltr'><em>de</em></span> <span class='ocrx_word' id='word_1_384' title='bbox 710 3815 819 3862; x_wconf 84' lang='lat' dir='ltr'><em>hocloco</em></span> <span class='ocrx_word' id='word_1_385' title='bbox 851 3818 911 3863; x_wconf 88' lang='lat' dir='ltr'><em>buni</em></span> <span class='ocrx_word' id='word_1_386' title='bbox 931 3819 1031 3863; x_wconf 81' lang='lat' dir='ltr'><em>alternis</em></span> <span class='ocrx_word' id='word_1_387' title='bbox 1047 3819 1226 3878; x_wconf 79' lang='lat' dir='ltr'><em>imperitabant,</em></span> <span class='ocrx_word' id='word_1_388' title='bbox 1244 3825 1273 3862; x_wconf 89' lang='lat' dir='ltr'><em>ut</em></span> <span class='ocrx_word' id='word_1_389' title='bbox 1289 3819 1372 3864; x_wconf 63' lang='lat' dir='ltr'><em>obtem</em></span> 
     </span>
     <span class='ocr_line' id='line_1_45' title="bbox 302 3879 1371 3940; baseline -0.004 -10"><span class='ocrx_word' id='word_1_390' title='bbox 302 3883 382 3930; x_wconf 74' lang='lat' dir='ltr'><em>auae</em></span> <span class='ocrx_word' id='word_1_391' title='bbox 393 3880 520 3940; x_wconf 71' lang='grc' dir='ltr'><strong>ροσοὶωιιι.</strong></span> <span class='ocrx_word' id='word_1_392' title='bbox 850 3887 936 3927; x_wconf 79' lang='lat' dir='ltr'><em>vetum</em></span> <span class='ocrx_word' id='word_1_393' title='bbox 946 3888 983 3927; x_wconf 85' lang='lat' dir='ltr'><em>est</em></span> <span class='ocrx_word' id='word_1_394' title='bbox 993 3879 1194 3928; x_wconf 58' lang='lat' dir='ltr'><em>mixtam.</em></span> <span class='ocrx_word' id='word_1_395' title='bbox 1215 3880 1371 3940; x_wconf 61' lang='lat' dir='ltr'><em>Sedhinqut</em></span> 
     </span>
    </p>

    <p class='ocr_par' dir='ltr' id='par_1_15' title="bbox 300 3941 1373 4326">
     <span class='ocr_line' id='line_1_46' title="bbox 336 3941 1372 4006; baseline -0.004 -13"><span class='ocrx_word' id='word_1_396' title='bbox 336 3945 367 3993; x_wconf 76' lang='lat'><em>19</em></span> <span class='ocrx_word' id='word_1_397' title='bbox 395 3943 507 3991; x_wconf 80' lang='lat' dir='ltr'><em>Ordinem</em></span> <span class='ocrx_word' id='word_1_398' title='bbox 523 3956 567 4003; x_wconf 77' lang='lat' dir='ltr'><em>quo</em></span> <span class='ocrx_word' id='word_1_399' title='bbox 584 3956 622 3988; x_wconf 84' lang='lat' dir='ltr'><em>mc</em></span> <span class='ocrx_word' id='word_1_400' title='bbox 639 3941 738 4000; x_wconf 78' lang='lat' dir='ltr'><em>dignum</em></span> <span class='ocrx_word' id='word_1_401' title='bbox 752 3943 820 4004; x_wconf 76' lang='lat' dir='ltr'><em>juat-</em></span> <span class='ocrx_word' id='word_1_402' title='bbox 850 3958 880 3990; x_wconf 84' lang='lat' dir='ltr'><em>ex</em></span> <span class='ocrx_word' id='word_1_403' title='bbox 892 3952 977 3991; x_wconf 77' lang='lat' dir='ltr'><em>senatu</em></span> <span class='ocrx_word' id='word_1_404' title='bbox 988 3946 1111 4006; x_wconf 80' lang='lat' dir='ltr'><em>leguntur,</em></span> <span class='ocrx_word' id='word_1_405' title='bbox 1123 3948 1195 3991; x_wconf 80' lang='lat' dir='ltr'><em>detur</em></span> <span class='ocrx_word' id='word_1_406' title='bbox 1206 3945 1325 3990; x_wconf 86' lang='lat' dir='ltr'><em>nimirum</em></span> <span class='ocrx_word' id='word_1_407' title='bbox 1339 3944 1372 3989; x_wconf 83' lang='lat' dir='ltr'><em>ob</em></span> 
     </span>
     <span class='ocr_line' id='line_1_47' title="bbox 302 4001 1373 4070; baseline -0.002 -15"><span class='ocrx_word' id='word_1_408' title='bbox 302 4015 352 4056; x_wconf 83' lang='lat' dir='ltr'><em>sent</em></span> <span class='ocrx_word' id='word_1_409' title='bbox 363 4040 370 4054; x_wconf 91' lang='lat'><strong><em>.</em></strong></span> <span class='ocrx_word' id='word_1_410' title='bbox 381 4041 388 4054; x_wconf 91' lang='lat'>.</span> <span class='ocrx_word' id='word_1_411' title='bbox 401 4009 504 4068; x_wconf 62' lang='lat' dir='ltr'><em>prorum</em></span> <span class='ocrx_word' id='word_1_412' title='bbox 520 4010 555 4053; x_wconf 78' lang='lat' dir='ltr'><em>ut</em></span> <span class='ocrx_word' id='word_1_413' title='bbox 568 4001 699 4067; x_wconf 74' lang='lat' dir='ltr'><em>potcstatis]</em></span> <span class='ocrx_word' id='word_1_414' title='bbox 719 4006 818 4066; x_wconf 72' lang='lat' dir='ltr'><em>Suppn.</em></span> <span class='ocrx_word' id='word_1_415' title='bbox 850 4010 994 4068; x_wconf 72' lang='lat' dir='ltr'><em>ampliorem</em></span> <span class='ocrx_word' id='word_1_416' title='bbox 1004 4010 1129 4070; x_wconf 77' lang='lat' dir='ltr'><em>dignitatis</em></span> <span class='ocrx_word' id='word_1_417' title='bbox 1142 4010 1246 4068; x_wconf 66' lang='lat' dir='ltr'><em>medum</em></span> <span class='ocrx_word' id='word_1_418' title='bbox 1262 4014 1373 4054; x_wconf 64' lang='lat' dir='ltr'><em>extem</em></span> 
     </span>
     <span class='ocr_line' id='line_1_48' title="bbox 301 4068 1373 4133; baseline 0 -16"><span class='ocrx_word' id='word_1_419' title='bbox 301 4072 409 4128; x_wconf 66' lang='lat' dir='ltr'><em>definire,</em></span> <span class='ocrx_word' id='word_1_420' title='bbox 432 4079 544 4120; x_wconf 75' lang='lat' dir='ltr'><em>statuere.</em></span> <span class='ocrx_word' id='word_1_421' title='bbox 589 4068 660 4129; x_wconf 70' lang='lat' dir='ltr'><em>tegit</em></span> <span class='ocrx_word' id='word_1_422' title='bbox 683 4070 820 4117; x_wconf 78' lang='lat' dir='ltr'><em>Gronovius</em></span> <span class='ocrx_word' id='word_1_423' title='bbox 851 4073 944 4119; x_wconf 78' lang='lat' dir='ltr'><em>dinuis</em></span> <span class='ocrx_word' id='word_1_424' title='bbox 954 4080 1067 4133; x_wconf 76' lang='lat' dir='ltr'><em>potestas</em></span> <span class='ocrx_word' id='word_1_425' title='bbox 1101 4072 1156 4118; x_wconf 84' lang='lat' dir='ltr'><em>Nisi</em></span> <span class='ocrx_word' id='word_1_426' title='bbox 1172 4072 1235 4118; x_wconf 74' lang='lat' dir='ltr'><em>torte</em></span> <span class='ocrx_word' id='word_1_427' title='bbox 1250 4072 1373 4118; x_wconf 83' lang='lat' dir='ltr'><em>mendum</em></span> 
     </span>
     <span class='ocr_line' id='line_1_49' title="bbox 300 4135 1372 4197; baseline -0.001 -16"><span class='ocrx_word' id='word_1_428' title='bbox 300 4135 380 4182; x_wconf 71' lang='lat' dir='ltr'><em>usne</em></span> <span class='ocrx_word' id='word_1_429' title='bbox 390 4151 440 4195; x_wconf 70' lang='lat' dir='ltr'><em>quo.</em></span> <span class='ocrx_word' id='word_1_430' title='bbox 829 4178 834 4188; x_wconf 89' lang='grc'>,</span> <span class='ocrx_word' id='word_1_431' title='bbox 849 4142 887 4181; x_wconf 84' lang='lat' dir='ltr'><em>est</em></span> <span class='ocrx_word' id='word_1_432' title='bbox 903 4137 929 4181; x_wconf 91' lang='lat' dir='ltr'><em>in</em></span> <span class='ocrx_word' id='word_1_433' title='bbox 947 4151 1057 4191; x_wconf 86' lang='lat' dir='ltr'><em>numero,</em></span> <span class='ocrx_word' id='word_1_434' title='bbox 1076 4136 1255 4197; x_wconf 78' lang='lat' dir='ltr'><em>legendumque</em></span> <span class='ocrx_word' id='word_1_435' title='bbox 1270 4138 1372 4194; x_wconf 73' lang='lat' dir='ltr'><em>quatum</em></span> 
     </span>
     <span class='ocr_line' id='line_1_50' title="bbox 306 4192 1372 4262; baseline 0.005 -22"><span class='ocrx_word' id='word_1_436' title='bbox 306 4196 365 4241; x_wconf 68' lang='lat'><em>‚20</em></span> <span class='ocrx_word' id='word_1_437' title='bbox 379 4192 701 4262; x_wconf 67' lang='lat' dir='ltr'><em>Utxnrperttnficiuema]</em></span> <span class='ocrx_word' id='word_1_438' title='bbox 718 4196 817 4244; x_wconf 80' lang='lat' dir='ltr'><em>Rednn·</em></span> <span class='ocrx_word' id='word_1_439' title='bbox 849 4199 969 4260; x_wconf 76' lang='lat' dir='ltr'><em>etutgs&#39;ntt</em></span> <span class='ocrx_word' id='word_1_440' title='bbox 985 4201 1094 4246; x_wconf 70' lang='lat' dir='ltr'><em>tribunos.</em></span> <span class='ocrx_word' id='word_1_441' title='bbox 1119 4198 1184 4246; x_wconf 80' lang='lat' dir='ltr'><em>&#39;Sex</em></span> <span class='ocrx_word' id='word_1_442' title='bbox 1197 4196 1372 4246; x_wconf 79' lang='lat' dir='ltr'><em>enimtribuni</em></span> 
     </span>
     <span class='ocr_line' id='line_1_51' title="bbox 301 4258 1370 4326; baseline 0.001 -18"><span class='ocrx_word' id='word_1_443' title='bbox 301 4258 572 4319; x_wconf 67' lang='lat' dir='ltr'><em>mpumvoeuntn.</em></span> <span class='ocrx_word' id='word_1_444' title='bbox 849 4261 1269 4324; x_wconf 69' lang='lat' dir='ltr'><em>cnmntmmsiuguhnlegtones</em></span> <span class='ocrx_word' id='word_1_445' title='bbox 1305 4305 1308 4310; x_wconf 77' lang='grc'>,</span> <span class='ocrx_word' id='word_1_446' title='bbox 1364 4317 1370 4326; x_wconf 31' lang='lat'><em>⁶</em></span> 
     </span>
    </p>
   </div>
   <div class='ocr_carea' id='block_1_15' title="bbox 0 0 1481 4750">
    <p class='ocr_par' dir='ltr' id='par_1_16' title="bbox 0 0 1481 4750">
     <span class='ocr_line' id='line_1_52' title="bbox 0 0 1481 4750; baseline 0 0"><span class='ocrx_word' id='word_1_447' title='bbox 0 0 1481 4750; x_wconf 95' lang='lat' dir='ltr'><em> </em></span> 
     </span>
    </p>
   </div>
  </div>
 </body>
</html>
