2942 4750
269 208 328 263 aot
567 215 572 223 ⁴
666 200 769 260 ΤΙΤΙ
796 200 925 258 mvn

111 384 140 429 u.
152 384 178 430 e.
191 386 245 432 aaa
269 363 382 447 posita,
398 361 579 428 devehenda
598 363 731 426 Romam
748 363 809 426 Cn.
832 361 967 425 Octavio
988 360 1073 426 data.
1118 360 1257 440 Paullus,
1274 361 1332 429 be·

111 449 178 494 M·
193 449 246 496 ¹⁶⁷·
272 451 368 533 nigne
387 446 494 533 legatis
516 447 658 523 dimissis,
682 462 892 533 transgressus
916 447 1128 529 Strymonem,
1151 448 1236 511 mille
1258 471 1333 530 pas·

271 555 363 597 suum
387 532 428 595 ab
451 532 636 615 Amphipoli
657 544 760 595 castra
780 532 900 615 posuit:
924 532 998 594 inde
1018 531 1186 614 profectus,
1211 533 1332 597 Pellam

272 618 383 703 quinto
406 616 458 679 die
482 617 631 699 pervenit
679 617 923 702 Praetergressus
950 615 1070 692 urbem,
1101 618 1140 680 ad
1169 617 1333 699 Spelaeum

275 702 372 788 (quod
388 703 514 780 vocant)
529 701 663 765 biduum
680 718 832 773 moratus,
859 700 895 763 P.
920 700 1076 777 Nasicam,
1100 701 1197 775 etQ.
1221 703 1329 764 Maxi·

271 808 358 849 mum
374 783 475 847 filium
490 808 562 848 cum
584 801 674 869 parte
695 786 857 868 copiarum
880 787 919 846 ad
940 784 1176 868 depopulandos
1191 785 1329 868 Illyrios,

272 870 327 955 qui
343 870 457 933 Persea
472 871 620 953 juverant
633 870 726 946 bello,
751 871 842 943 misit,
860 871 963 951 jussos
984 868 1024 932 ad
1048 871 1181 949 Oricum
1196 871 1256 933 sibi
1270 870 1331 933 ob-

272 976 416 1018 currere:
440 955 516 1038 ipse,
533 955 665 1039 Epirum
680 969 799 1038 petens,
815 954 1062 1038 quintisdecimis
1084 955 1193 1019 castris
1216 955 1331 1019 Passa-

275 1058 385 1102 ronem
402 1055 554 1119 pervenit,

113 1147 266 1207 Epmproeaa
317 1124 482 1187 XXXIV.
513 1123 836 1205 Haudproculinde
863 1123 968 1187 Anicii
993 1137 1095 1186 castra
1116 1122 1255 1186 aberant.
1286 1123 1331 1187 ad

114 1211 172 1284 aaa
181 1223 247 1257 ²¹⁹¹·
275 1230 367 1293 quem
383 1209 480 1272 literis
496 1209 606 1283 missis,
624 1209 754 1293 nequid
769 1208 810 1272 ad
825 1230 871 1285 ca,
895 1230 967 1293 quae
989 1208 1112 1286 fierent,
1133 1220 1331 1283 moveretur3

114 1278 180 1319 ω’
274 1304 409 1357 amotum
421 1298 555 1375 pradum
570 1295 665 1375 Epiri
678 1296 857 1369 ciuitatium,
874 1314 941 1374 quoe
955 1295 998 1354 ad
1010 1296 1127 1356 Perseo
1148 1293 1331 1375 defecissent,

275 1380 420 1442 exercitui
434 1382 558 1458 dedisse,
574 1378 734 1441 submissis
756 1377 994 1440 centurionibus
1015 1379 1048 1442 in
1070 1377 1207 1461 singulas
1227 1376 1331 1454 urbes,

275 1463 329 1546 qui
354 1486 387 1525 se
410 1463 551 1527 dicerent
574 1463 612 1526 ad
638 1463 787 1546 praesidia
810 1461 996 1525 deducenda
1025 1462 1153 1535 venisse,
1182 1474 1216 1524 nt
1241 1461 1333 1525 liberi

276 1547 428 1632 Epirotoe,
445 1549 525 1612 sicut
548 1548 752 1625 Macedones,
773 1560 885 1626 essent,
908 1546 1006 1609 denos
1025 1547 1182 1628 principes
1202 1567 1244 1609 ex
1266 1546 1332 1609 sin·

276 1633 359 1719 gulis
385 1634 526 1696 evocavit
548 1632 748 1711 civitatibust
775 1632 898 1713 quibus,
926 1653 1023 1715 quum
1048 1630 1274 1709 denunciasset,
1298 1644 1336 1696 ut

276 1740 388 1781 aurum
403 1730 495 1802 atque
508 1729 674 1800 argentum
689 1718 721 1778 in
744 1717 907 1798 publicum
929 1715 1129 1799 proferretur,
1143 1737 1202 1798 per
1221 1737 1332 1780 omnes

276 1804 416 1867 civitates
430 1804 573 1865 cobortes
593 1801 721 1864 dimisit.
743 1815 816 1863 ante
837 1802 870 1863 in
893 1801 1064 1875 ulteriores,
1087 1822 1182 1885 quam
1203 1801 1236 1863 in
1258 1822 1333 1883 pro·

276 1889 390 1969 piures,
406 1887 548 1970 profecti,
568 1899 603 1948 ut
625 1907 689 1948 uno
710 1886 762 1948 die
783 1887 816 1947 in
839 1907 947 1948 ornnes
969 1886 1194 1967 perveniretur.
1237 1884 1336 1950 Edita

277 1971 413 2034 tribunis
427 1970 726 2055 centurionibusque
741 1983 840 2047 erant,
851 1993 923 2053 quas
932 1965 1113 2055 agerentur:
1138 1991 1229 2032 mane
1239 1993 1336 2034 omne

278 2073 390 2119 aurum
405 2070 633 2141 argentumque
647 2056 825 2119 conlatum:
848 2055 929 2117 hora
950 2070 1062 2139 quarta
1084 2055 1209 2140 signum
1229 2055 1271 2118 ad
1285 2056 1335 2119 di-

278 2138 437 2223 ripiendas
458 2140 550 2203 urbes
571 2142 680 2203 datum
702 2152 750 2203 est
773 2140 940 2202 militibus:
964 2153 1111 2223 tantaque
1133 2138 1242 2220 pareda
1262 2139 1334 2217 fnit,

278 2237 316 2295 ut
329 2224 362 2287 in
377 2225 514 2310 equitem
528 2225 764 2308 “quadringeni
786 2224 916 2300 denarii,
937 2222 1095 2308 peditibus
1115 2224 1230 2288 duceni
1250 2225 1333 2289 divi-
1434 2278 1440 2292 .

279 2308 439 2387 derantur,
456 2324 582 2375 centum
599 2310 828 2397 quinquaginta
848 2309 948 2372 millia
969 2311 1107 2394 capitum
1122 2309 1335 2378 bumanorum

279 2394 521 2478 abducerentur.
567 2398 655 2461 Muri
667 2396 982 2479 deiudedireptarum
994 2397 1119 2459 urbium
1134 2396 1232 2458 diruti
1247 2409 1334 2470 sunt:

279 2502 317 2544 ea
330 2480 418 2545 fuere
431 2484 547 2566 oppida
561 2486 646 2547 circa
659 2485 867 2568 septuaginta.
914 2482 1047 2544 Vendita
1058 2480 1166 2563 preda
1181 2482 1335 2561 omnium,

279 2564 321 2629 de
348 2589 385 2628 ea
412 2590 534 2631 summa
560 2569 654 2631 militi
684 2581 884 2630 numeratum
913 2580 969 2629 est.
1024 2566 1151 2629 Paullus
1181 2566 1221 2629 ad
1250 2588 1336 2628 mare

209 2681 212 2688 ·
282 2648 415 2713 Oricum
431 2652 601 2732 descendit,
616 2673 825 2735 nequaquam,
849 2663 886 2714 ut
907 2665 992 2715 ratus
1014 2665 1090 2726 erat,
1106 2651 1239 2732 expletis
1253 2651 1336 2713 mili·
1391 2695 1401 2722 .

281 2743 350 2794 tum
363 2733 491 2796 animis:
515 2734 580 2816 qui,
597 2745 759 2815 tamquam
781 2735 901 2797 nullum
918 2736 950 2797 in
968 2735 1158 2799 Macedonia
1172 2735 1337 2817 gessissent

121 2837 257 2885 Pandosia
280 2815 412 2890 bellum,
438 2829 581 2899 expertes
603 2820 699 2902 regias
722 2820 840 2900 praedaa
860 2843 926 2881 esse
947 2820 1204 2906 indignabantur.
1233 2820 1337 2883 -Orici
1377 2859 1382 2870 ·

121 2901 218 2976 {Q
227 2906 275 2944 0²·
283 2922 380 2984 quum
396 2900 592 2964 missascum
610 2902 758 2985 Scipione
777 2903 891 2966 Nasica
915 2904 1121 2989 Maximoque
1143 2906 1208 2967 filio
1231 2906 1337 2987 copias

116 2967 257 3079 fflffif²
282 2986 458 3062 invenisset,
474 2989 612 3060 exercitu
627 2987 661 3049 in
676 3009 770 3050 naves
780 2990 929 3071 inposito,
940 2990 972 3051 in
988 2991 1107 3054 ltaliam
1118 2990 1249 3073 trajecit.
1294 2989 1339 3065 Et

282 3083 356 3155 post
369 3092 487 3154 paucos
501 3071 566 3135 dies
579 3072 721 3149 Anicius,
737 3091 893 3137 conventu
916 3074 1109 3158 reliquorum
1133 3075 1340 3156 Epirotarum

284 3156 550 3242 Acarnanumque
563 3171 645 3232 acto,
656 3155 815 3243 jussisque
836 3160 868 3221 in
885 3159 1007 3222 ltaliam
1029 3161 1117 3242 sequi
1131 3158 1338 3242 principibus,

283 3245 418 3326 quorum
447 3242 659 3328 cognitionem
688 3264 806 3305 csussae
835 3256 1014 3319 reservarat,
1045 3257 1076 3306 et
1101 3245 1177 3326 ipse,
1208 3244 1340 3308 navibus
1413 3264 1445 3292 ⁸·

283 3327 479 3409 exspectatis,
508 3326 622 3411 quibus
652 3349 725 3389 usus
756 3328 984 3392 Macedonicus
1013 3329 1169 3391 exercitus
1198 3342 1275 3404 erat,
1305 3329 1340 3391 in

284 3409 409 3474 ltaliam
424 3412 553 3510 trajecit.
599 3411 707 3485 Quum
724 3410 794 3475 baec
815 3414 847 3474 in
872 3412 1062 3476 Macedonia
1080 3415 1242 3496 Epiroque
1252 3426 1341 3498 gesta

284 3505 369 3572 sunt,
382 3494 488 3581 legati,
501 3497 554 3581 qui
567 3519 639 3560 cum
653 3497 761 3560 Attalo
772 3498 811 3561 ad
822 3497 995 3560 finiendum
1007 3497 1124 3561 bellum
1137 3499 1217 3559 inter
1228 3497 1340 3561 Gallos

283 3592 316 3642 ct
339 3600 446 3664 regem
471 3581 649 3645 Eumenem
670 3584 758 3646 missi
786 3596 886 3656 eram,
917 3583 950 3642 in
981 3583 1089 3646 Asiam
1119 3594 1340 3664 peruenerunt.
1400 3597 1404 3606 ’

283 3661 425 3728 Iuduciis
445 3685 502 3745 per
521 3667 655 3730 hiemem
678 3667 777 3744 factis,
800 3679 832 3731 et
854 3666 939 3730 Galli
961 3665 1073 3730 domos
1087 3667 1287 3745 “abierant
1310 3679 1342 3730 et

283 3770 340 3812 rex
355 3749 388 3812 in
402 3748 536 3814 hiberna
551 3751 744 3826 concesserat
760 3753 961 3834 Pergamum,
974 3753 1125 3852 gravique
1133 3751 1246 3814 morbo
1258 3772 1342 3837 ager

282 3833 392 3899 fuerat.
436 3836 529 3898 ”Ver
550 3837 687 3920 primum
709 3860 749 3901 ex
769 3836 866 3900 domo
887 3838 1020 3901 excivit:
1038 3839 1168 3922 jamque
1191 3835 1343 3920 Synnada

705 3948 719 3976 ¹
727 3945 831 3991 aumas
842 3947 915 3991 Gran.

288 4083 291 4090 ,
313 4045 345 4091 65
363 4044 522 4106 Quadalagml
535 4046 635 4106 demeti]
653 4045 745 4091 Marco.-
760 4059 798 4090 ar-
830 4049 875 4093 bus
885 4048 973 4106 legitur
983 4048 1094 4094 mussant

330 4108 797 4163 dammamseaunciaealiuccnt
862 4111 893 4156 ot
915 4111 1133 4169 t'erprtmeae
1158 4108 1223 4156 domo
1248 4108 1344 4170 aaut]

311 4171 408 4217 meni.
420 4171 525 4218 uncial.
829 4173 892 4218 Satis
914 4174 1057 4232 intelligitur
1073 4175 1127 4220 baec
1145 4174 1193 4226 dici
1214 4175 1245 4219 de
1262 4173 1346 4218 Gallis.

313 4230 345 4275 66
360 4232 470 4279 Abierant
495 4235 533 4280 Sic
549 4237 609 4280 boue
626 4235 705 4294 prima
724 4235 797 4280 editio
829 4236 878 4286 Res
887 4242 970 4290 tamen
985 4237 1072 4292 clarior
1089 4244 1160 4290 esset,
1171 4238 1193 4282 si
1208 4249 1293 4290 cosam
1305 4249 1347 4283 uos

281 4295 306 4336 el
317 4290 437 4352 Sigonius.
483 4310 501 4342 a
515 4297 674 4348 Gronovisnis
687 4298 798 4347 editioni·
829 4312 886 4346 utcu
895 4299 983 4348 diserta
993 4301 1173 4360 espsimerem
