2942 4750
488 150 835 233 PRAEFATIO.
1147 152 1212 232 xiii
1286 234 1289 239 ,

21 368 22 382 '
112 359 283 441 tubunas
302 363 425 461 plebis
441 323 565 441 noan
579 370 622 445 tit
640 378 815 440 montem
840 365 1023 437 eonditum
1038 378 1075 438 et
1089 356 1129 438 in
1145 370 1213 439 inn-

114 502 272 552 menoam
290 494 505 555 maxennam
525 484 657 577 jactat
710 476 788 553 Ubi
813 479 997 576 quianon
1021 470 1125 553 videt
1147 483 1213 555 oli-

115 602 301 668 rersatum
317 616 402 668 esse
419 597 617 671 scribentis
640 596 765 669 auimo
786 595 987 690 superbum
1012 594 1116 667 illum
1136 595 1215 668 llo·-

54 712 57 719 ‘
115 730 186 781 ma
212 730 333 782 rerum
358 712 522 804 dominae
547 713 798 809 splendorem,
819 720 858 782 et
883 710 932 781 ad
959 710 1120 783 obseura
1137 709 1215 783 Ro·

115 844 185 896 mae
201 820 391 898 nascentis
409 824 515 898 initia
530 825 712 898 audacius
728 844 843 921 quam
860 817 1080 897 venasesse
1096 832 1215 898 tram

115 936 259 1011 latomi

37 1014 1215 1152 immwfflmmm

115 1168 363 1245 venerationis
389 1168 428 1241 in
444 1189 529 1241 eum
555 1168 886 1265 admirationisque
912 1188 1044 1242 sensus
1061 1164 1215 1265 affingit,

117 1282 252 1379 quibus
269 1282 348 1380 ipse
361 1284 525 1357 imbutus
541 1292 631 1356 erat.
671 1283 838 1356 Annibal
854 1278 917 1356 ille
932 1284 1096 1357 Romam
1113 1278 1215 1381 apud

116 1406 286 1469 nostrum
307 1408 418 1472 vocat
437 1399 549 1471 Orbis
562 1409 742 1470 terraram
763 1409 884 1493 eaput,
904 1418 1021 1493 quum
1045 1394 1368 1472 nondumn.xx1.0.

117 1516 199 1582 tote
226 1508 338 1583 ltalia
363 1512 476 1606 plane
499 1513 633 1606 jugum
663 1509 880 1606 accepisset,
909 1532 980 1584 nee
1008 1513 1215 1610 quidquam
1224 1493 1265 1535 ⁸⁰·

117 1633 226 1698 extra
246 1648 331 1697 eam
360 1623 525 1698 Romani
551 1633 729 1711 tenerent,
753 1634 886 1722 prater
911 1626 1047 1700 Siciliae
1072 1638 1217 1723 partem

118 1748 157 1811 et
184 1738 419 1829 Sardiniam,
455 1764 573 1836 quum
598 1749 713 1813 staret
739 1739 941 1837 Carthago,
956 1749 1081 1837 atque
1105 1742 1218 1813 etiam
1308 1724 1328 1776 7
1448 1744 1450 1749 ⁴

120 1851 315 1950 Hispaniae
348 1857 527 1949 majorem
559 1866 703 1952 partem
735 1855 889 1953 imperio
923 1855 1216 1951 amplecteretur.

120 1965 267 2042 Rursus
283 1969 395 2057 idem,
413 1971 504 2043 dum
529 1970 663 2044 milites
684 1972 734 2044 ad
751 1972 846 2044 bene
871 1968 1117 2068 pugnandum
1133 1972 1295 2050 hor-xm.
1307 2007 1347 2050 n.

118 2092 229 2169 tatur,
240 2088 394 2182 derepto,
405 2084 537 2182 inquit,
551 2087 618 2159 hoc
629 2088 858 2185 artosidgore
869 2088 1028 2159 nominis
1040 2080 1217 2161 [torrenti.¹

120 2196 240 2280 Quasi
265 2223 353 2271 vero
370 2198 634 2293 Carthaginem
661 2200 796 2271 debere
813 2199 948 2271 Roma
973 2201 1094 2271 fasces
1120 2222 1218 2273 sum·

120 2311 265 2386 mittere
290 2313 389 2386 ultro
407 2313 621 2408 agnovisset
645 2311 845 2385 acerrimus
861 2312 924 2383 ille
941 2311 1097 2385 Punicae
1116 2319 1219 2409 mag·

120 2427 301 2501 nitudinis
324 2427 475 2512 vindex,
493 2437 532 2499 et
554 2426 738 2500 Romanae
760 2449 856 2521 pene
872 2449 1030 2509 eversor,
1049 2435 1114 2499 aut
1130 2437 1220 2501 tune

120 2543 299 2639 temporis
313 2542 435 2616 minus
454 2541 602 2616 Punico
614 2540 756 2614 nomini
761 2541 933 2641 fulgoris
946 2563 1060 2637 quam
1080 2541 1219 2616 Romo

122 2681 174 2731 uo
190 2658 425 2732 circumdari.

173 2771 282 2846 Idem
298 2774 458 2870 impetus
471 2773 574 2846 nimii
592 2771 728 2845 amoris
739 2771 780 2844 in
795 2771 954 2869 patriam
971 2770 1119 2846 Livium
1137 2773 1218 2848 abs·
1229 2797 1384 2846 retentanda-

123 2888 218 2974 tulit,
244 2912 363 2984 quum
389 2912 466 2961 non
493 2885 677 2961 dubitavit
697 2886 880 2959 affirmare
905 2886 1102 2961 Romanos
1128 2865 1353 2974 adomim

123 3029 230 3100 qttom
240 3003 286 3075 ab
294 3006 412 3100 equite
418 3004 528 3088 hoste,
539 3027 720 3098 nonquam
728 3027 754 3075 u
756 3004 892 3101 pedite,
902 3029 1083 3099 namnam
1092 3019 1220 3101 aperta
1229 2994 1274 3041 ¹¹⁴
1288 2999 1325 3042 ¹⁹·

124 3120 202 3192 acie
213 3118 402 3191 laborasse.
421 3117 483 3190 De
492 3115 662 3213 peditatu
673 3115 836 3189 silemus.
854 3115 911 3188 At
918 3139 1044 3187 nonne
1052 3118 1222 3212 obequita

124 3234 226 3307 hoste
241 3233 502 3306 laboravemnt
520 3231 698 3334 Romani,
715 3229 838 3326 quum'
858 3229 1036 3301 adversus
1053 3228 1221 3302 Anniba-

125 3347 199 3422 lem
215 3349 355 3422 bellum
371 3357 548 3444 gererent,
563 3370 675 3445 quem
689 3344 857 3442 equitatu
873 3344 985 3440 longe
997 3344 1221 3442 superiorem
1330 3339 1348 3348 ”

126 3464 239 3537 fuisse
255 3473 293 3536 et
309 3464 388 3559 ipse
405 3463 533 3537 Livius
558 3461 698 3560 passim
723 3461 868 3547 fatetur,
885 3471 924 3533 et
944 3460 1219 3559 prudentissimi
1230 3491 1301 3537 xm.
1312 3497 1352 3540 o.

27 3590 38 3611 ⁰
128 3578 388 3653 Romanorum
414 3580 530 3653 duces
556 3601 714 3663 sensere,
732 3586 846 3674 atque
868 3575 917 3650 ob
933 3575 972 3649 id
998 3555 1375 3676 magnopereffffl'

127 3715 260 3769 cavere
284 3718 332 3766 ne
358 3693 398 3766 in
420 3692 562 3790 campis
588 3692 800 3790 patentibus
826 3691 874 3765 ab
899 3716 945 3765 eo
972 3693 1223 3788 deprehende
1303 3719 1307 3726 ·

125 3811 275 3884 uenturi
310 3809 449 3882 Nonne
474 3821 602 3907 operta
627 3811 704 3881 acie
729 3807 1002 3892 laboraverunt,
1029 3829 1146 3901 quum
1173 3806 1223 3877 ad

128 3926 282 4000 Cannas
300 3924 348 3996 ab
364 3926 498 3996 eodem
519 3922 707 3995 Annibale
732 3945 848 4021 pmpe
865 3923 916 3995 ed
936 3919 1225 3993 internecionem

127 4041 227 4127 eaesi,
245 4062 362 4137 quum
379 4039 431 4111 ad
448 4037 590 4111 Alliam
608 4038 656 4111 ab
672 4038 794 4112 Gallis
810 4037 881 4110 fusi
899 4036 1011 4109 eunt?

180 4157 257 4232 Sed
283 4157 364 4231 haec
381 4154 534 4254 quidem
546 4164 752 4252 utcumque
769 4151 975 4228 condonari
1000 4148 1227 4246 poscuntur
1306 4179 1310 4186 ·
