2942 4750
484 178 829 259 PRAEFATIO.
1105 182 1209 258 lxxxi

20 362 28 383 ’
114 415 241 467 unum
252 390 421 478 sufficiat,
444 393 620 469 maluisse
639 417 711 468 nos
736 389 1003 489 elegantiorum
1027 388 1207 469 lectorum

117 509 249 582 limato
268 508 413 604 judicio
439 508 593 584 servire:
621 533 646 582 a
668 509 802 607 quibus
827 507 877 581 ob
902 506 983 580 haec
1008 506 1207 596 omissssi

51 714 62 735 ‚
117 624 242 700 minus
258 625 410 699 leudem
425 624 544 713 nobis,
570 624 717 700 facilem
743 632 843 699 certe
867 621 1013 697 veniam
1037 632 1207 721 paratam

116 764 202 814 esse
217 764 421 838 speramus.

167 856 268 940 Quin
283 866 322 931 et
337 860 482 931 tantum
506 856 634 944 abluit,
658 864 703 931 ut
725 856 792 932 illa
816 804 983 929 obscdrae
1009 854 1207 955 diligentiae

29 1040 45 1071 ,
114 972 329 1046 testimonia
346 973 426 1046 sine
441 972 519 1046 ulla
541 972 764 1048 necessitate
789 980 1070 1060 ostentaremus,
1096 984 1149 1061 ut,
1176 974 1208 1049 si

112 1088 271 1185 quando
286 1089 352 1163 illo
368 1088 503 1186 negligi
518 1112 577 1163 res
595 1088 747 1163 omnino
763 1111 842 1163 non
861 1087 1007 1173 sineret,
1024 1088 1207 1186 quidquid

115 1202 318 1277 subtilioris
344 1200 606 1302 disputationis
630 1230 714 1280 esse
739 1205 859 1279 visum
884 1213 951 1292 est,
977 1204 1018 1279 id
1047 1229 1159 1280 omne
1185 1233 1208 1281 a

115 1332 295 1417 perpetuo
313 1321 579 1397 commentario
603 1330 733 1395 nostro
758 1329 949 1395 excretum
974 1320 1207 1431 rejiceremus

115 1434 157 1508 in
171 1438 276 1510 notes
287 1440 503 1534 posteriores
518 1440 569 1509 od
591 1438 870 1511 mundationem
894 1426 1082 1510 contextus
1091 1443 1207 1537 perti·

112 1562 247 1639 nentes,
264 1576 349 1648 quae
366 1552 415 1626 ad
442 1550 585 1625 calcem
605 1549 835 1648 singulorum
861 1550 1090 1627 voluminum
1115 1564 1206 1628 atte-
1340 1598 1342 1605 ,

116 1678 280 1742 ιιιιιιιιιι·ο

165 1784 313 1882 Magno
328 1809 479 1884 quoque
493 1785 602 1861 nobis
621 1785 705 1861 usui
730 1786 799 1860 fuit
814 1787 865 1860 ad
881 1787 1049 1861 curanda
1065 1788 1316 1887 aliquotuurun
1316 1812 1368 1858 ιιι

117 1902 213 1977 Livii
241 1903 395 1978 vulnera
423 1902 615 2000 Polybius,
644 1904 752 1998 cnjus
783 1928 830 1977 ea
858 1904 984 1979 omnia
1009 1930 1093 2003 quae
1119 1930 1245 2001 cumq
1214 1877 1364 2001 ”limo

112 2018 294 2118 scriptore
312 2020 488 2094 Romano
505 2020 741 2106 conveniunt,
752 2030 894 2117 quanta
905 2020 1070 2096 maxima
1085 2023 1205 2121 potui·
1213 2006 1299 2067 ΨΜ*

114 2159 199 2210 mus
217 2160 307 2209 cura
323 2136 586 2231 diligentiaque
610 2135 887 2232 perpendimus,
913 2146 951 2209 et
976 2137 1026 2209 ad
1051 2137 1208 2211 Liviana

20 2278 27 2291 ·
112 2249 353 2325 contulimus.
405 2250 530 2332 Quam
546 2248 704 2323 multis
694 2272 733 2321 ιιι
749 2248 854 2335 locis,
878 2250 1082 2346 prasertim
1098 2278 1207 2349 quar-

115 2368 164 2443 ιιι
180 2364 219 2441 et
234 2365 372 2465 quintas
389 2363 544 2439 decadis
561 2363 609 2458 ab
624 2387 671 2439 eo
696 2364 816 2459 adjuti
841 2364 1027 2454 fuerimus,
1044 2391 1093 2440 ex
1108 2368 1207 2444 notis
1356 2395 1359 2404 ·

112 2484 251 2559 uostris
267 2484 385 2557 lector
399 2479 588 2578 intelliget.
639 2479 730 2554 Duo
755 2480 815 2554 hic
832 2481 1008 2598 exempla
1021 2507 1207 2580 apponere

109 2602 467 2792 sudllililtXXXlll.
485 2740 567 2814 esp.
586 2722 646 2791 35.
664 2715 753 2790 olim
769 2717 969 2793 edebatur:
995 2718 1206 2796 AEtolomm

111 2833 297 2934 principes
312 2836 381 2908 alii
396 2831 513 2932 questi
535 2846 631 2921 suut,
656 2837 755 2932 qttod
776 2860 848 2909 non
873 2837 967 2910 idem
990 2863 1082 2938 ergo
1106 2845 1207 2913 suom

111 2962 256 3052 genten
266 2950 518 3025 Romanorum
526 2951 668 3024 animus
678 2961 769 3024 esset
775 2964 863 3048 post
874 2954 1077 3038 victoriam,
1091 2958 1155 3051 qui
1167 2958 1207 3027 ιιι

116 3067 362 3164 ὀιιιοῙιιιιιιι,
411 3063 589 3136 Gelenius
604 3089 653 3136 ex
670 3064 873 3160 archetypo
883 3065 1085 3161 exemplari
1101 3091 1206 3162 repo-

116 3182 200 3269 suit,
218 3182 441 3280 interquesd,
455 3178 607 3251 verbum
623 3177 862 3264 rarissimum,
876 3189 914 3251 et
928 3179 1033 3274 quod
1049 3179 1206 3254 fortasse

115 3322 300 3397 nusquam
312 3295 398 3370 alibi
411 3321 435 3369 a
443 3318 633 3392 quoquam
646 3302 863 3389 usurpatum
874 3293 1085 3390 reperiatur.
1129 3293 1205 3370 Hic

115 3424 250 3514 praesto
266 3423 324 3487 est
339 3412 447 3487 nobis
465 3408 658 3507 Polybius,
685 3432 798 3506 quem
822 3408 999 3483 exscribit
1022 3410 1095 3485 hoo
1120 3410 1205 3488 loco

115 3537 252 3604 noslffl‘
267 3547 322 3604 τῶν
335 3541 386 3622 μιν
398 3537 491 3624 πρᾴως
507 3540 553 3602 και
568 3541 715 3609 πολιτικῶς
729 3536 1032 3625 μιμψιμοιςοόιιωι’
998 3543 1099 3615 maie.
1132 3525 1205 3604 His

115 3642 303 3741 inspectis,
320 3640 403 3739 quis
420 3640 566 3714 dubitet
588 3636 791 3735 legendum
815 3663 898 3714 esse
914 3643 1015 3737 apud
1033 3641 1205 3794 Liviuml

114 3763 182 3837 elii
198 3761 328 3834 leniter
341 3759 458 3856 questi
471 3767 566 3830 sunt.

164 3874 273 3951 Alter
297 3874 404 3947 locus
429 3869 590 3945 occurrit
613 3868 677 3944 lib.
704 3869 900 3945 XXXIX
918 3897 952 3946 c
969 3877 1030 3946 36
1047 3870 1111 3968 qui
1126 3847 1205 3969 qui}

116 3994 203 4069 dem
219 3989 310 4065 mire
326 3987 439 4064 torsit
448 3984 691 4061 Gronovium.
726 3985 786 4061 lbi
802 3987 949 4086 Appius
965 3986 1110 4084 legatus
1128 3986 1205 4061 Ro-

152 4166 166 4195 ⁸
185 4156 221 4214 In
232 4154 288 4214 bac
301 4152 428 4213 editione
441 4151 532 4210 Nous·
546 4148 722 4210 Posteriores
743 4148 819 4208 infra
838 4158 1008 4208 contextum
1025 4147 1135 4227 majore
1147 4141 1206 4208 lecss

115 4263 208 4312 torum
221 4248 375 4314 commodo
387 4244 590 4326 subjicimur.

40 4417 42 4450 f
164 4367 254 4419 von.
274 4367 331 4417 ιι.
579 4379 590 4405 ι
632 4339 690 4410 *r
