2942 4750
518 107 865 194 RRAEFATIO.
1191 144 1240 193 xv

17 314 20 337 '
142 343 236 393 non*
247 329 446 418 potuerunt
461 345 508 394 ea
522 345 607 417 qua
625 322 675 394 ad
691 321 802 415 hujus
822 320 993 414 ejusdem
1009 320 1082 396 loci
1099 325 1244 401 calcem

143 459 169 507 a
187 434 346 531 Polybio
362 459 430 532 pro
447 461 563 510 causa
580 436 784 509 Poenorum
802 434 952 529 adjecta
968 447 1067 511 sunt.

195 548 284 622 Una
313 551 480 624 defensio
512 550 684 637 occurrit,
714 551 746 632 si
776 572 912 648 nempe
944 551 1072 627 Livius
1096 553 1144 626 -in
1176 556 1243 630 lib.¹

76 658 82 667 ’
142 661 235 736 ΧΧ.
261 665 327 761 qui
342 664 541 750 intercidit,
557 665 611 738 ita
626 675 840 739 narraverat
863 688 910 738 ea'
929 692 1014 763 quae
1032 669 1082 741 ad
1108 668 1240 746 subac-

140 790 220 853 tam
233 802 257 852 a
272 779 456 853 Romanis
470 779 682 853 Sardiniam
694 780 889 876 pertinent,
904 792 946 855 ut
960 781 1046 856 illos
1058 782 1241 883 intercep-

40 962 63 990 ,
139 903 189 968 tre
207 920 274 992 per
297 895 469 968 fraudem
493 894 604 988 hujus
629 894 760 969 insulae
781 896 894 993 culpa
918 896 1111 973 liberaret:
1138 904 1240 976 unde

72 1022 81 1047 ⁸
138 1020 478 1108 sequeretru'eum,
500 1036 585 1106 quae
607 1035 630 1082 a
655 1009 827 1106 Polybio
842 1011 882 1085 in
907 1015 1130 1089 contrariam
1155 1043 1240 1115 par-

138 1135 217 1199 tem
243 1125 434 1222 disputata
447 1134 545 1211 sunt,
563 1148 641 1198 non
658 1136 837 1223 tanquam
864 1127 1023 1205 adversa
1041 1118 1238 1220 Romanis,

138 1242 207 1315 sed
224 1250 404 1338 tanquam
421 1240 528 1327 falsa,
546 1242 808 1338 suppressisse.
856 1242 998 1317 Verum
1014 1269 1060 1318 eo
1076 1247 1238 1321 elevare·

136 1366 199 1431 tur
219 1356 376 1430 fortasse
398 1355 549 1441 crimen,
572 1380 651 1428 non
673 1355 785 1451 plane
810 1367 1039 1452 purgaretur.
1091 1360 1239 1460 Magna

135 1482 196 1546 est
218 1471 318 1545 enim
336 1470 486 1566 Polybii
512 1469 725 1554 auctoritas,
742 1469 808 1566 qui
823 1480 861 1543 et
876 1472 1031 1570 propior
1054 1474 1126 1549 illis
1144 1488 1240 1552 tem·

135 1587 290 1687 poribus
313 1585 392 1670 lirit,
409 1594 449 1657 et
465 1582 770 1680 diligentissimus
787 1583 918 1658 talium
943 1610 1064 1662 rerum
1080 1589 1235 1688 indaga-

134 1716 206 1788 tor,
224 1714 263 1775 et
289 1701 472 1775 Romanis
498 1724 589 1773 sane
606 1698 760 1786 amicus,
777 1724 874 1797 quos
893 1702 1034 1799 passim
1059 1704 1234 1780 laudibus

135 1817 315 1893 cumulat.
368 1817 496 1900 Quum
520 1814 631 1911 igitur
654 1815 895 1912 gravissimus
905 1816 1038 1912 judex,
1060 1817 1140 1891 sine
1156 1819 1236 1894 ulla

134 1932 374 2008 ermetatione
407 1942 471 2005 aut
510 1929 754 2017 dubitatione,
787 1956 904 2005 causa
935 1933 1098 2029 cognita,
1132 1933 1232 2009 clare

131 2060 348 2145 certumque
373 2047 587 2144 pronuntiet
618 2046 814 2121 Romanos
843 2058 976 2122 contra
995 2050 1071 2143 jus,
1099 2062 1233 2127 contra

130 2163 433 2247 madefecisse,
451 2161 543 2233 dum
557 2160 770 2235 Sardiniam
785 2160 965 2248 invasere,
979 2163 1130 2237 minime
1145 2190 1230 2264 pro·

130 2281 240 2352 fecto·
257 2276 412 2351 dubium
438 2284 505 2359 est,
524 2272 615 2370 quin
632 2273 772 2357 livius,
790 2274 821 2345 si
839 2273 945 2347 aliter
969 2289 1145 2365 senserat,
1166 2290 1238 2353 aut·

131 2394 342 2491 scripserat,
369 2414 472 2464 caeco
498 2390 536 2462 in
561 2388 727 2485 patriam-
748 2411 874 2460 amore
899 2404 1183 2489 praeoccupatus
1207 2420 1232 2469 a

128 2533 218 2584 vero
235 2505 468 2582 aberraverit.

182 2625 317 2720 Neque
343 2645 414 2696 nos
435 2621 635 2719 quisquam
664 2627 796 2717 arguat
815 2618 978 2694 severius
1001 2644 1112 2718 agere
1140 2649 1227 2699 curn

130 2740 249 2825 Livio,
270 2750 308 2813 et
333 2738 502 2835 sequiore
527 2736 828 2833 interpretatione
852 2760 898 2809 ea
916 2734 969 2809 illi
995 2737 1084 2812 vitio
1110 2750 1226 2815 verte·

65 2951 68 2958 .
127 2881 179 2940 re,
197 2884 279 2956 quae
304 2852 524 2930 clementius
541 2877 565 2925 a
581 2851 743 2948 benigno
768 2850 906 2925 lectore
931 2852 1051 2950 accipi
1067 2855 1224 2951 possint.

14 2985 25 3016 ²
128 2972 281 3050 Nemini
301 2967 555 3066 concedimus,
573 2976 615 3040 ut
630 2966 772 3060 majore
787 2989 902 3062 quam
926 2989 997 3041 nos
1016 2993 1142 3044 amore
1160 2982 1226 3045 aut

128 3086 374 3165 admiratione
399 3081 575 3156 eximium
602 3081 820 3177 scriptorem
851 3093 1115 3177 prosequatur:
1155 3086 1223 3158 sed

126 3204 253 3279 vincat
277 3199 424 3284 veritas.
476 3195 517 3271 Si
542 3219 618 3268 uno
635 3204 782 3267 tanturn
808 3194 909 3289 apud
935 3218 1032 3280 eum,
1051 3205 1117 3269 aut
1133 3198 1222 3271 alte

125 3344 168 3395 ro
192 3319 232 3392 in
247 3318 333 3391 loco
354 3314 514 3387 obscura
539 3309 666 3407 aliqua
691 3308 925 3390 delitesceret
949 3308 1111 3406 suspicio
1137 3335 1221 3410 pro

123 3432 305 3534 pensioris
330 3431 370 3502 in
397 3428 591 3502 Romanos
618 3425 743 3511 animi,
765 3424 966 3498 inhumane
979 3426 1137 3515 laceret,
1154 3430 1220 3526 qui

14 3529 63 3564 '⁸
123 3548 265 3625 crimen
289 3553 445 3640 urgeret,
463 3567 508 3616 ac
524 3564 602 3616 non
624 3540 749 3638 potius
773 3563 852 3612 rem
877 3540 1020 3616 mollire
1044 3543 1219 3642 interpre

123 3665 241 3740 tando
264 3670 472 3734 conaretur
522 3659 578 3730 At
601 3656 832 3753 erumpentia
846 3656 1013 3755 undique
1037 3661 1200 3789 hujus
1163 3687 1225 3735 ιιι

123 3781 186 3856 ιιιίι
177 3779 358 3853 affectus
381 3774 587 3850 certissima
607 3782 825 3870 argrunenta
840 3798 910 3848 nec
927 3774 1065 3846 nobis
1055 3799 1126 3870 rpsr
1116 3774 1218 3914 dis·

122 3895 306 3990 simulare,
324 3915 394 3964 nec
411 3888 554 3973 ceteris,
571 3913 783 3994 possumus

170 4007 313 4084 Velut
303 4032 343 4081 m
369 4004 544 4103 Scipione
569 4002 749 4084 Africano
774 4003 968 4080 manifeste
993 4011 1138 4077 tenetur
1153 4004 1216 4082 Li·
1201 4036 1358 4088 -ιωωιω

122 4126 211 4201 vius
265 4123 381 4199 Hunc
407 4122 587 4198 intereos
612 4144 755 4207 omnes,
779 4133 938 4225 quorum
964 4131 1022 4193 res
1042 4131 1156 4215 gesta
1177 4102 1355 4230 ἰιιξ””ξξξ’ᾆξ’Ἰ
1339 4124 1369 4215 ,²

1223 4184 1343 4281 autoire.
