2942 4750
474 602 706 691 ELOGIA
735 602 1079 689 AUCTORUM

636 850 698 917 Ac
734 848 925 917 JUDICIA

382 1078 506 1187 DE
571 1074 804 1203 ΤΙΤΟ
868 1076 1174 1205 LIVIO,

474 1338 565 1400 CUM
585 1338 861 1401 FRAGMENTIS
882 1334 1086 1411 AHQUOT.

676 1538 879 1581 a

566 1709 679 1773 Seneca
688 1716 783 1790 poter
797 1707 943 1771 Suasoris
957 1715 989 1771 6.

234 1805 468 1925 QUOTIES
483 1840 589 1926 magni
605 1826 738 1925 alicujus
750 1862 835 1903 mors
850 1840 890 1904 ab
900 1836 1058 1902 historicis
1068 1845 1196 1901 narratu
1208 1844 1267 1916 est,
1280 1849 1329 1902 to-

231 1927 288 1992 ties
303 1925 368 1987 sere
390 1924 486 1986 totins
508 1927 738 1987 consummatio
761 1927 845 2001 vitae,
862 1938 894 1988 et
913 1925 1002 2011 quasi
1026 1923 1167 1986 funebris
1188 1924 1329 1987 laudatio

229 2010 384 2074 redditur.
429 2008 504 2069 Hoc
528 2008 625 2078 semel
651 2020 747 2093 atque
773 2011 890 2080 iterum
920 2033 940 2074 e
969 2008 1161 2074 Thuc‘dicle
1189 2009 1327 2074 fuctum:

230 2095 315 2160 idem
330 2093 364 2155 iu
378 2090 573 2177 paucissimis
594 2097 736 2178 personis
758 2107 946 2180 usurpatum
969 2119 990 2160 o
1013 2096 1064 2163 Sal
1080 2097 1174 2160 ustio.
1218 2094 1331 2163 Livius

230 2179 409 2268 benignius,
427 2179 575 2243 omnibus
591 2181 712 2267 mugnis
734 2181 811 2244 viris
833 2182 989 2266 preastitit.
1035 2181 1212 2268 sequentes
1230 2180 1329 2245 histo·

231 2268 288 2333 rici
301 2264 404 2331 multo
415 2263 447 2327 id
461 2262 590 2329 effirsius
603 2265 756 2330 feceruut

674 2391 755 2454 Mos
768 2394 882 2456 rodun.

276 2491 326 2557 Ut
350 2503 397 2556 est
422 2502 535 2555 nutura
558 2491 800 2557 candidissimus
822 2491 966 2557 omnium
992 2513 1179 2579 magnorum
1205 2492 1330 2581 ingeni·

232 2599 325 2641 orum
341 2578 513 2642 sestimutor
529 2576 568 2640 T.
583 2575 705 2659 Livius,
716 2577 935 2661 plenissimum
949 2579 1166 2643 testimonium
1179 2576 1331 2642 Ciceroni

231 2661 380 2729 reddidit.

533 2787 688 2851 Prooems‘o
701 2787 756 2851 lib.
779 2788 812 2849 V.
830 2788 1023 2851 controvers.

278 2886 442 2950 Pertinere
457 2886 579 2949 adrem
593 2908 657 2949 non
676 2900 763 2971 puto,
780 2886 942 2972 quomodo
956 2889 1074 2953 Lucius
1085 2887 1215 2975 Magius
1228 2908 1329 2976 gener

232 2971 302 3037 Titi
329 2971 414 3036 Livii
440 2971 674 3049 declamaverit,
697 2967 840 3059 quumvis
862 2972 970 3061 aliquo
991 2989 1134 3060 ternpore
1155 2996 1247 3038 suum
1269 2995 1330 3061 po·

231 3056 345 3208 sulum
359 3057 489 3123 habuit:
512 3079 610 3143 quum
629 3057 719 3121 illum
741 3058 886 3122 homines
908 3082 973 3124 non
997 3060 1031 3124 iu
1055 3059 1152 3144 ipsius
1171 3059 1331 3126 honorem

245 3145 409 3222 sudarent,
425 3143 480 3209 sed
496 3143 528 3207 in
543 3145 643 3207 soceri
657 3144 784 3208 ferrent.

649 3267 839 3331 Controuers.
855 3275 907 3330 et.

277 3366 372 3430 Titus
388 3366 498 3431 Livius
512 3381 577 3430 tum
592 3367 719 3454 iniquus
737 3366 885 3431 Sallustio
899 3366 969 3445 fuit,
985 3381 1021 3431 ut
1037 3367 1119 3433 hene
1132 3368 1233 3451 ipsum
1255 3386 1329 3429 sen·

233 3452 363 3516 tentiam
389 3453 466 3535 (Res
489 3455 626 3516 secundae
647 3456 723 3516 mire
745 3463 815 3516 sunt
839 3455 925 3516 vitiis
952 3455 1099 3524 obtenturi
1121 3465 1153 3518 et
1175 3462 1332 3536 tunquam
1454 3515 1455 3526 ,

233 3535 429 3614 translatum,
445 3549 477 3599 et
491 3551 640 3622 tunquam
657 3553 840 3623 corruptum
863 3537 939 3602 dum
962 3538 1162 3616 transfertur,
1179 3537 1333 3622 objiceret

236 3620 395 3688 Sallustio.
441 3621 509 3686 Nec
532 3622 592 3687 hoc
614 3646 723 3689 umore
746 3624 945 3709 Thucydidis
968 3623 1055 3706 facit,
1069 3639 1106 3689 ut
1132 3624 1222 3687 illum
1242 3644 1331 3707 pre>-

234 3706 324 3772 ferut.
368 3708 493 3772 Luudut
513 3730 607 3793 quem
632 3732 696 3773 nou
722 3711 831 3774 timet:
855 3722 887 3773 et
904 3709 1026 3773 facilius
1046 3722 1139 3796 putet
1156 3730 1248 3795 posse
1262 3729 1334 3774 nuc

236 3792 422 3859 Sallustium
435 3794 530 3870 vinci,
547 3794 572 3857 si
586 3808 659 3858 unte
673 3818 692 3859 o
708 3795 898 3881 Thucydide
912 3796 1065 3860 uincetur.

653 3918 839 3982 Controuers.
854 3927 906 3983 25.

278 4017 373 4081 Titus
393 4016 514 4096 Livius,
539 4018 580 4082 de
598 4021 784 4095 oratoribus,
801 4020 855 4105 qui
875 4019 972 4083 verbs
992 4023 1124 4119 antiquo
1146 4031 1179 4082 et
1200 4014 1335 4083 sordida
1454 4041 1455 4054 ¹

233 4113 464 4181 consectentur,
489 4116 521 4167 et
548 4106 698 4169 orationis
721 4105 953 4183 obscuritatem,
980 4117 1177 4171 severitatem
1201 4111 1334 4188 putent,

233 4182 542 4351 ffiffimMiltisdem
564 4188 725 4256 rhetorem
746 4189 907 4274 eleganter
929 4190 1058 4272 dixisse,
1073 4192 1141 4257 Ἐπὶ
1160 4187 1337 4278 mensulas
