2942 4750
429 227 523 287 LIB.
543 226 643 287 XLII.
678 229 777 286 CAP.
798 228 912 287 XLIV.
997 250 1003 265 ·
1157 239 1195 296 71

122 389 238 453 nutas
250 393 290 456 de
302 394 427 469 cuuth,
437 412 506 477 quar
515 393 568 455 cie
579 392 697 474 querela
708 401 739 455 et
748 394 989 473 expostulatione
996 393 1099 476 dignae
1111 406 1193 474 sunt,
1201 411 1230 458 n.
1243 412 1269 459 c.
1282 413 1337 460 sel.

126 480 350 561 mcapitis,
365 478 626 562 etregs'dussociis
640 478 719 541 bello
734 479 866 561 irffertis.
1200 477 1337 526 ‘hc-¹⁷¹·

165 559 302 628 XLIII.
331 563 416 627 Haec
436 563 555 626 dicenti
576 576 644 626 tum
666 562 818 627 adsensus
838 562 984 627 Marcius
999 576 1111 628 auctor
1131 566 1192 632 luit

123 645 270 711 mittendi
293 649 431 712 Romam
454 647 563 735 legati,
584 669 684 733 quum
705 649 895 731 experienda
920 650 1029 712 omnia
1051 651 1092 714 ad
1119 653 1192 715 ulti·

121 750 223 809 mum,
240 754 300 797 nec
317 734 644 817 praetermittendum
658 755 747 817 apem
760 733 858 798 ullam
875 737 1056 799 censuisset.
1103 736 1193 801 Reli·

121 818 390 900 qua-consultatio
405 831 484 900 erat,
499 840 639 903 quonam
661 820 759 882 modo
773 833 877 883 tutum
899 823 959 883 iter
974 822 1083 905 legatis
1097 837 1190 888 esset.

17 958 18 969 .
120 903 160 965 sd
181 903 216 966 id
238 926 337 987 quum
356 905 531 969 necessaria
551 905 664 986 petitio
683 904 885 969 induciarum
908 906 1078 983 rideretur,
1094 930 1190 992 cupe-

17 990 18 993 ’
120 999 233 1073 retqm
255 988 410 1068 Marcius,
434 1012 539 1076 neque
559 989 647 1054 aliud
668 990 839 1075 conloquio
860 993 997 1076 petisset,
1013 1006 1143 1078 gravme
1156 1015 1190 1059 et

120 1073 182 1137 ”in
204 1095 357 1161 magum
402 1077 517 1140 rafiam
539 1076 673 1160 petentis
703 1078 865 1140 concessit.
896 1077 974 1140 nihil
1002 1078 1088 1141 enirn
1114 1081 1190 1145 satis
1198 1093 1314 1143 1nuucie.

119 1172 270 1241 paratum
286 1162 327 1223 ad
392 1164 457 1225 lum
471 1162 686 1246 inpraesentia
700 1162 861 1227 habebant
877 1163 1026 1241 Romani,
1043 1186 1107 1228 non
1130 1188 1189 1230 ex-

120 1245 268 1325 ercitum,
292 1268 358 1310 non
380 1248 513 1312 ducem:
554 1269 653 1332 quum
677 1249 809 1311 Perseus
831 1249 878 1331 (ni
902 1270 973 1333 spes
993 1272 1075 1313 vana
1103 1252 1190 1334 pacis

119 1326 310 1396 obcaecaasct
324 1334 468 1415 consilia)
483 1333 592 1397 omnia
606 1346 787 1417 praeparata
807 1348 904 1417 atque
924 1334 1077 1400 instructa
1093 1336 1189 1401 habe·

119 1428 179 1495 ret,
194 1430 227 1480 et
240 1440 299 1481 sno
313 1421 455 1484 maxime
476 1432 619 1502 tempore
641 1432 737 1502 atque
759 1419 864 1481 alieno
885 1420 1027 1484 hostibus
1049 1422 1190 1506 incipere

116 1500 241 1566 bellum
256 1521 369 1587 posset.
414 1505 469 1569 Ab
485 1505 547 1567 boc
560 1503 743 1589 coriloquio,
758 1504 823 1567 fide
833 1505 1032 1570 induciarum
1047 1507 1188 1592 interpo-

118 1586 193 1665 sita,
207 1588 331 1676 “legati
355 1591 498 1654 Romani
511 1591 545 1652 in
564 1590 723 1654 Boeotiam
747 1593 921 1675 comparati
945 1606 1029 1657 sunt.
1053 1593 1105 1657 lbi
1120 1596 1299 1678 jamnensis

116 1685 228 1735 motus
254 1674 396 1761 'emperat
417 1698 495 1751 csse,
526 1675 760 1740 discedentibus
788 1700 809 1739 a
836 1678 984 1743 societate
1011 1682 1287 1743 communiam

115 1758 246 1823 concilii
262 1761 456 1826 Boeotornm
476 1761 664 1847 quibusdum
679 1763 815 1848 populis,
832 1787 872 1828 ex
887 1787 952 1849 quo
966 1766 1190 1828 renunciatum

17 1842 18 1879 l
113 1857 197 1922 erat,
220 1847 419 1931 respondisse
439 1847 570 1935 legatos,
587 1848 818 1934 adpariturum,
835 1852 950 1936 quibus
965 1850 1094 1933 populis
1115 1871 1190 1933 pro·

17 1942 18 1947 ’
116 1930 190 2013 prie
204 1933 385 1998 societatem
399 1956 558 2021 cumrege
566 1935 660 2020 jungi
675 1934 896 2019 displicuisset.
941 1935 1078 1999 Primis
1093 1935 1188 2001 Chae·

115 2036 217 2081 ronea
239 2017 346 2105 legati,
362 2019 479 2084 deinde
501 2044 521 2084 a
543 2021 674 2099 Thebis,
691 2023 723 2085 in
747 2021 816 2105 ipso
831 2022 943 2085 itinere
965 2023 1185 2102 obcurrerunt,

111 2100 321 2168 adfirmantes
334 2127 401 2169 non
416 2106 595 2187 interfuisse
609 2130 653 2183 se,
669 2130 734 2193 qno
748 2109 880 2173 societas
895 2132 931 2173 ea
945 2108 1075 2172 decreta
1094 2122 1186 2190 esset,

111 2188 274 2252 concilio:
305 2191 385 2276 quis,
415 2193 521 2276 legatI,
549 2192 640 2255 nullo
661 2194 693 2255 in
724 2196 894 2276 praesentia
918 2216 1074 2278 responso
1098 2194 1186 2275 dato,

112 2271 307 2336 Chalcidem
323 2297 357 2338 sc
372 2279 459 2360 sequi
472 2278 643 2360 jusserunt.
673 2277 796 2340 Thebis
809 2300 926 2363 magna
939 2279 1101 2343 contentio
1116 2292 1188 2344 orta

106 2366 190 2420 erat
201 2377 243 2418 ex
258 2357 320 2419 alio
335 2361 519 2423 certamine.
564 2360 711 2423 Comitiis
725 2363 883 2443 praetoriis
898 2364 1089 2426 Boeotorum
1104 2365 1189 2427 victa

220 2439 370 2524 injuriam
383 2463 586 2531 persequens,
601 2455 708 2528 coacta
720 2443 923 2506 multitudine
937 2447 1100 2506 decretum
1115 2447 1189 2509 fecit

107 2461 253 2601 fflis,
269 2547 310 2588 ne
326 2525 534 2590 Boeotarchae
544 2523 679 2587 urbibus
691 2524 916 2607 reciperentur.
940 2527 1075 2592 Exsules
1086 2528 1188 2594 Thes·

37 2667 45 2688 ,
107 2613 183 2698 pias
199 2609 339 2674 universi
354 2622 599 2675 concesserunt:
621 2608 696 2673 inde
718 2613 850 2694 (recepti
868 2615 950 2677 enim
968 2615 1037 2677 sine
1058 2629 1186 2681 cuncta·

109 2693 321 2777 tione'eraut)
337 2696 479 2773 Thebas,
497 2698 565 2782 jam
581 2697 710 2759 mutatis
729 2696 855 2778 animis,
872 2700 1007 2768 revocati
1022 2699 1182 2767 decretum

17 2741 19 2876 l
111 2782 248 2859 faciunt,
265 2793 300 2845 ut
315 2782 495 2858 duodecim,
509 2783 566 2868 qni
581 2782 830 2866 privaticoetnm
847 2798 878 2847 et
892 2787 1061 2849 concilium
1078 2787 1182 2854 habu·

17 2881 19 2946 ᾖ
111 2868 220 2945 issent,
236 2868 348 2931 exsilio
361 2868 586 2933 multarentur.
621 2867 733 2932 Novus
748 2867 863 2932 deinde
876 2886 997 2954 praetor
1012 2873 1182 2955 (Ismenias

18 2961 19 2988 ³
108 2953 139 3016 is
162 2965 240 3029 erat,
255 2954 304 3017 vir
324 2955 443 3018 nobilis
464 2977 502 3018 ac
522 2955 649 3038 potens)
670 2954 814 3038 capitalis
834 2977 940 3039 poenae
961 2957 1106 3022 absentes
1127 2983 1183 3025 eos

108 3037 241 3102 decreto
264 3040 406 3103 damnat.
451 3039 633 3103 Chalcidem
655 3038 823 3125 fugerant:
845 3041 931 3105 'inde
951 3043 992 3104 ad
1020 3043 1183 3124 Romanos

110 3121 274 3188 Larissam
297 3124 441 3208 proiecti,
466 3133 636 3190 ”caussam
659 3146 733 3188 cum
758 3125 874 3190 Perseo
896 3128 1055 3191 societatis
1076 3129 1109 3192 in
1134 3129 1182 3193 Is·

17 3237 23 3316 p
108 3211 249 3274 mentam
271 3210 482 3274 contulerant.
534 3211 615 3273 ⁴³Eu
645 3211 849 3275 contentione
877 3225 984 3276 ortum
1009 3226 1180 3280 certamen.

109 3295 276 3380 utriusque
290 3307 395 3360 tamen
411 3296 510 3381 partis
528 3295 626 3379 legati
643 3295 684 3359 ad
707 3297 869 3360 Romanos
889 3311 1054 3377 venerunt,
1071 3314 1103 3364 et
1123 3323 1180 3365 ex-

110 3379 193 3444 sules
208 3394 469 3466 accusatoresque
487 3382 641 3459 Ismenias,
656 3394 688 3444 et
704 3381 857 3446 Ismenias
871 3384 948 3467 ipse.

154 3465 276 3532 XLIV.
313 3467 497 3532 Chalcidem
527 3481 564 3532 ut
592 3478 722 3531 ventum
752 3481 808 3545 est,
840 3469 972 3534 aliarum
1003 3469 1177 3537 civitatium

439 3598 453 3637 <t
459 3590 682 3654 praetcradttcndam
694 3592 768 3638 Gron.
781 3591 851 3644 Cres,

143 3699 232 3748 40'In
253 3714 364 3762 mdgtwm
385 3703 491 3762 mlum
513 3701 626 3763 perenm]
659 3702 722 3748 toret
738 3704 833 3749 oratius
849 3717 941 3750 casnm
958 3704 1024 3749 s'sttoe
1046 3716 1098 3751 mm
1116 3704 1177 3750 Per-

111 3766 150 3813 Ita
160 3772 189 3811 ut
199 3778 252 3820 rex,
263 3766 305 3826 qui
316 3768 413 3826 petebat
429 3767 546 3820 lnducies,
559 3779 628 3825 mag·
660 3780 696 3813 seo
706 3769 825 3813 mictotis.

108 3843 167 3877 nem
180 3830 286 3890 matiam
300 3842 344 3889 pro
360 3831 390 3876 iis
406 3831 524 3876 mnemia
542 3831 628 3875 debere
692 3830 725 3878 ts
741 3831 782 3876 Er
797 3832 936 3878 mntentiose
952 3836 1029 3877 ortam
1047 3828 1174 3890 aarum]

108 3895 238 3940 rideretur.
261 3913 264 3920 ¹
658 3895 721 3941 llaec
737 3895 784 3941 alio
806 3897 941 3942 charactere
963 3895 1055 3941 menda
1081 3892 1175 3938 curent·

139 3957 170 4004 st
189 3956 274 4017 legat
282 3957 383 4004 Romani
399 3958 424 4002 la
439 3959 554 4005 Boeotium
566 3969 626 4001 com·
657 3967 847 4018 mus,tannam
858 3962 923 4006 (licta
933 3962 963 4005 ab
974 3957 1098 4003 exsulibus
1107 3955 1176 3998 Βαο-

103 4023 184 4081 parati
201 4020 269 4083 mat]
291 4022 387 4068 Vitium
409 4035 461 4068 csse
483 4022 579 4067 videtur
599 4022 625 4067 ln
657 4023 695 4069 tls.
730 4024 752 4070 li
768 4037 855 4083 nempe
872 4009 1008 4084 significant
1027 4031 1057 4062 ex
1077 4021 1175 4062 conten·
1242 4069 1246 4076 ,

107 4087 180 4132 mbo
208 4086 341 4146 comparati.
389 4085 461 4145 Legit
489 4085 624 4131 Gronovius
656 4087 721 4133 tinne
735 4101 791 4148 quoe
807 4089 886 4133 hietat
905 4089 969 4131 luter
987 4085 1051 4139 ipsos
1062 4085 1087 4124 et
1099 4078 1175 4128 ltme·

108 4145 216 4195 funerei.
411 4157 415 4162 ⁴
656 4153 723 4198 nIam
739 4153 769 4197 de
785 4153 898 4196 societate
915 4159 972 4192 cum
984 4144 1080 4198 ΡΜ,
1092 4150 1174 4194 ortum

136 4211 167 4259 ⁴2
185 4212 288 4259 Casum
314 4226 366 4258 cum
388 4213 474 4261 Perseo
497 4213 620 4278 mcietutir]
653 4221 785 4266 commen.
794 4213 900 4273 quod-co
908 4211 1028 4266 eruperat,
1040 4213 1068 4254 ut
1078 4208 1136 4274 ipsis
1147 4212 1179 4269 in

104 4271 207 4323 Vitam
217 4277 258 4323 hle
268 4277 385 4324 cxcidlsse
401 4278 499 4337 attquod
510 4278 622 4333 verbum,
653 4280 754 4325 exilium
765 4279 831 4323 abire
842 4283 939 4319 neccsse
951 4271 1021 4320 foret

105 4339 174 4399 quale
184 4348 249 4388 met
258 4341 331 4390 lniloe.
365 4341 404 4391 stc
419 4343 485 4391 euim
496 4342 623 4389 rotrttrdlor
1027 4369 1030 4374 ·
1114 4403 1120 4416 β

679 4411 738 4466 Μ
