2942 4750
502 169 846 251 PRAEFATIO.
1191 172 1231 257 ix

17 352 26 377 ⁸
131 378 289 453 modum
314 380 568 477 pronunciata
588 390 697 467 rsunt,
728 378 902 459 alicunde
931 379 1107 467 nancisci,
1137 380 1228 469 nihil

131 493 287 575 dubium
308 520 392 570 esse
410 506 545 593 potest
569 495 661 594 quin
682 494 756 569 illa
776 496 934 572 totidem
957 496 1077 573 verbis
1099 495 1227 573 lectori

61 695 68 707 ,
129 611 335 685 reddendae
361 611 446 699 sint,
463 637 585 709 neque
599 613 639 685 in
655 611 820 708 ipsarum
845 611 973 686 locum
993 610 1163 687 ludentis
1173 611 1228 684 in-

114 725 228 822 genii
243 727 354 800 loenrs
372 727 619 824 supponendi.
663 726 798 822 Itaque
813 750 892 801 non
906 724 1126 822 negabimus
1141 751 1228 823 pec-

128 865 238 914 casse
262 840 451 928 Tacitum,
471 840 536 936 qui
555 840 595 913 in
619 841 644 913 l.
666 839 741 915 XI.
767 840 870 917 Anu.
892 866 926 916 c.
953 847 1013 917 24.
1065 840 1228 925 Claudio

44 1000 63 1055 ⁸„
112 953 353 1052 -Imperatori
378 956 538 1031 alienam
564 965 603 1029 et
626 954 795 1033 fictifinm
820 955 1225 1043 molestantium,

126 1093 246 1166 quum
271 1096 359 1145 vera
378 1081 552 1159 exstaret,
570 1072 678 1166 cujus
702 1070 906 1149 etiamnum
930 1071 1138 1168 fiagmenta
1161 1071 1227 1147 ha-

127 1184 271 1259 bemus.
323 1188 400 1260 Sed
427 1186 459 1261 si
488 1211 658 1261 veramm
686 1186 797 1284 copia
823 1211 901 1261 nou
928 1186 986 1273 sit,
1010 1211 1089 1261 non
1115 1185 1224 1261 video
1234 1211 1370 1274 nawa·

127 1323 231 1386 sane,
249 1325 317 1375 cur
332 1301 522 1376 veteturis
544 1303 609 1398 qni
633 1300 825 1378 historiam
850 1300 988 1388 scribit,
1006 1327 1094 1377 suas
1118 1312 1157 1376 et
1172 1302 1223 1385 ad
1231 1278 1343 1390 ἔξω

127 1415 379 1489 excolendum
396 1417 573 1503 animum,
590 1427 629 1489 et
647 1416 695 1489 ad
715 1415 928 1491 acuendum
952 1415 1140 1511 ingenium
1156 1442 1223 1497 effl-

128 1553 177 1625 pe
205 1532 416 1626 proliuuras
443 1532 630 1605 orationes
657 1530 788 1607 offerre
816 1529 956 1616 lectori,
984 1556 1100 1628 quum
1133 1557 1223 1628 prte-

127 1644 256 1719 sertim
272 1646 364 1720 etin
379 1672 443 1720 eas
460 1646 596 1740 conjici
616 1645 816 1719 commode
835 1646 980 1742 possint
999 1646 1224 1743 sapientiai

128 1782 193 1831 ma
214 1761 387 1856 quaedam
411 1761 553 1835 monita
579 1786 623 1835 ac
646 1771 834 1858 praeopta
855 1786 903 1835 ex
929 1760 1018 1858 ipsis
1039 1762 1225 1851 foetorum

127 1875 330 1951 mceribns
357 1877 561 1964 nascentia,
595 1902 679 1974 quoe
709 1888 836 1953 tamea
867 1876 964 1956 inter
994 1878 1224 1959 narrandum

128 2000 292 2066 attexere
317 1993 466 2068 minime
489 1995 688 2083 decuerat3
714 2002 753 2068 et
773 1992 933 2091 ingenia,
954 2017 1088 2082 mores,
1111 1992 1224 2073 animi

128 2106 269 2181 ducum
290 2134 336 2183 ec
362 2111 584 2208 populorum
606 2109 760 2208 propius
786 2111 837 2183 ad
863 2119 1006 2187 naua
1032 2110 1224 2189 veritatem

126 2222 305 2317 exprimi3
330 2235 369 2297 et
394 2248 481 2298 varo
504 2249 628 2297 causae
649 2223 722 2296 illa
745 2223 880 2318 quibus
900 2225 1084 2299 bellorum
1106 2225 1222 2319 origo,

125 2347 165 2410 at
197 2337 425 2426 celeberrimi
465 2338 602 2435 quique
634 2346 788 2412 eventus
831 2338 1077 2424 continentur,
1112 2349 1224 2436 atquo

125 2452 239 2542 etiam
267 2454 423 2530 consilia
448 2479 497 2527 ex
522 2453 658 2549 quibus
683 2454 785 2528 facta
810 2452 962 2538 fluxere,
989 2452 1138 2529 libarius
1160 2478 1223 2530 co·

125 2566 341 2665 pioniusque
374 2567 535 2642 tractati.
586 2568 653 2644 Ad
686 2569 767 2642 haec
801 2577 857 2640 tot
889 2568 1091 2644 commoda
1128 2569 1222 2646 illud

124 2707 275 2780 qimqne
307 2684 466 2772 accedit,
495 2685 600 2781 quod
631 2683 671 2756 in
698 2683 833 2758 iisdem
863 2683 963 2756 velut
994 2683 1033 2760 in
1066 2683 1221 2760 amoenie

124 2799 350 2894 quibusdam
367 2798 604 2887 diverticulis,
620 2807 801 2896 perpetua
816 2798 1027 2873 narratione
1044 2799 1222 2898 defetiga-

126 2924 187 2987 tus
202 2914 390 2996 interdum
406 2913 714 2998 lectorisanimus
731 2913 950 2990 suavissime
967 2915 1208 3012 conquiescit.

178 3027 227 3101 Id
242 3038 390 3106 tantsun
406 3032 616 3104 cavendum
632 3041 691 3103 est
705 3030 848 3116 lectori,
865 3055 913 3104 ne
929 3055 977 3104 ex
992 3031 1221 3108 orationibus

126 3145 228 3218 facta
254 3170 294 3219 se
315 3146 461 3220 sincera
482 3156 521 3220 et
544 3147 761 3242 incorrupta
786 3145 931 3220 haurire
958 3168 1070 3241 posse
1097 3144 1221 3218 exuti-

126 3268 213 3349 met
238 3286 322 3358 quan
346 3263 386 3335 in
408 3262 453 3336 iis
478 3263 517 3335 in
539 3263 660 3355 majus
686 3269 809 3346 aicta,
836 3260 894 3334 sal
915 3267 1117 3334 extenuata
1142 3283 1220 3333 ver·

125 3376 193 3463 bis,
212 3379 263 3452 ad
279 3377 458 3452 invidiam
473 3377 676 3474 gratiamne
700 3376 906 3462 decurtata,
925 3374 1128 3472 depravata
1143 3374 1220 3471 pla-

124 3516 281 3588 numque
312 3494 553 3589 reperiuntru.
617 3491 816 3566 Orationes
848 3514 926 3564 non
960 3500 1139 3591 tanquam
1171 3515 1219 3564 ex

125 3607 314 3702 scriptoris
335 3632 496 3704 persona
522 3607 642 3704 accipi
665 3608 813 3694 debent,
838 3608 905 3681 sed
932 3609 1093 3702 exejus,
1120 3606 1219 3705 quis·

125 3722 208 3824 quis
235 3721 296 3804 ille
321 3733 390 3814 est,
418 3749 530 3824 quem
555 3717 714 3820 scriptor
739 3722 952 3819 loquentem
979 3724 1078 3805 lacit.
1130 3717 1219 3828 Ipse

124 3837 326 3913 narrationi
343 3841 467 3926 tidern,
480 3838 710 3912 orationibus
726 3849 903 3935 praestare
917 3839 1029 3916 dabet
1044 3837 1218 3931 aloqnnn

124 3954 226 4032 tam.
279 3954 319 4038 Si
336 3956 489 4051 quaudo
507 3967 632 4038 tamen
654 3954 725 4030 hac
741 3955 909 4032 libertate
926 3951 1028 4044 abuti
1045 3950 1145 4040 visus
1161 3958 1219 4024 est

126 4068 263 4156 livius,
281 4069 320 4143 id
339 4070 535 4143 obsemoe
551 4070 590 4142 in
605 4069 704 4143 uotis
721 4094 799 4144 non
815 4061 1058 4166 negleximus.
1225 4145 1228 4150 ,

173 4184 352 4259 Atesim
379 4185 443 4282 qui
474 4177 634 4260 directas
663 4184 864 4270 conciones
893 4182 995 4280 operi
1024 4205 1092 4266 suo
1122 4183 1216 4262 inse·
