2942 4750
379 179 474 240 LlB.
492 178 591 239 XLII.
625 164 732 239 ΘΑΕ
746 174 892 239 xxxvl.
1123 183 1172 239 66.

94 337 217 405 entem
230 340 441 430 socialemque
462 344 584 427 petenti
605 341 714 408 addita
735 342 865 419 auxilia,
887 338 1044 429 Ligurum
1061 346 1082 379 ¹⁹
1092 343 1158 411 duo
1167 331 1197 405 u.
1209 357 1236 406 o
1248 356 1305 409 tul.

94 426 198 502 millia,
222 428 391 494 Cretenses
416 429 580 517 sagittarii,
607 431 761 514 (incertus
789 450 951 504 numerus,
974 423 1237 514 ²iqnantnmflc·
1251 422 1304 479 ¹¹¹·

93 513 192 599 rogati
214 515 348 580 auxilia‘
375 516 545 581 Cretenses
567 516 736 595 misissent)
763 514 915 581 Numida
940 514 1017 577 item
1039 517 1159 599 equites

93 596 322 686 elephantique.
355 603 391 665 ln
408 623 477 665 eam
494 622 561 665 rem
574 601 670 686 legati
680 601 722 665 ad
733 600 936 664 Masinissam
949 599 1186 684 Karthagini„

93 704 242 770 ensesque
257 687 356 763 misai,
375 688 412 750 L.
427 687 611 752 Postumius
626 685 774 767 Albinus,
787 685 831 760 Q.
846 686 1019 751 Terentius
1031 686 1159 763 Culleo,

92 768 125 832 C.
149 770 304 835 Aburius.
350 773 388 836 ln
411 773 542 837 Cretam
563 762 783 857 item'legatos
803 784 867 835 tres
889 771 936 835 ire
957 770 1087 855 placuit,
1113 772 1162 839 A.

92 852 291 920 Postumium
313 857 481 937 Albinum,
504 858 578 923 “Q
602 858 798 933 Decimium,
820 858 860 920 Α.
884 857 1043 921 Licinium
1075 859 1163 923 Ner-

90 960 169 1004 ram.

128 1026 288 1093 XXXVI.
320 1028 383 1092 Per
404 1028 489 1093 idem
505 1041 630 1114 tempus
651 1028 747 1113 legati
769 1026 810 1091 ab
832 1049 908 1114 rege
923 1026 1040 1093 Perseo
1062 1047 1157 1097 rens*

89 1124 171 1176 mat
194 1132 249 1176 eos
270 1114 337 1175 ¹⁸in
363 1114 516 1199 oppidum
540 1115 712 1179 intromitti
732 1135 799 1177 non
820 1112 952 1196 placuit,
972 1134 1071 1199 quum
1088 1116 1156 1199 jam

88 1192 205 1261 bellum
220 1199 291 1286 regi
306 1216 415 1263 eorum
434 1214 467 1264 et
489 1199 723 1265 Macedonibus
745 1214 775 1263 et
797 1210 924 1263 senatus
945 1200 1108 1276 demessas,
1124 1200 1166 1264 et

86 1283 222 1367 populus
241 1285 395 1369 jussisset.
437 1287 507 1350 “ln
529 1288 631 1351 aedem
660 1286 805 1351 Bellonae
828 1283 861 1348 ln
890 1296 1033 1353 senatum
1055 1284 1278 1356 intro-Lens·

87 1365 171 1431 ducti
189 1370 233 1432 ita
245 1371 342 1434 verba
356 1370 516 1437 feceruut:
541 1373 660 1437 Mirari
673 1375 791 1436 Persea
811 1391 921 1453 regen,
938 1372 1010 1453 quid
1031 1374 1065 1434 ia
1079 1372 1156 1435 Mo·
1166 1358 1260 1405 ΡΜ

85 1454 239 1518 cedoaion
253 1458 400 1521 emenus
414 1462 618 1542 transportati
630 1467 740 1521 essent.
783 1456 821 1519 Si
842 1456 1002 1537 impetrari
1015 1478 1037 1521 a
1049 1468 1158 1525 sertata

78 1550 193 1619 posset,
208 1552 243 1603 at
257 1544 284 1605 n’
296 1554 482 1621 revocentur,
497 1566 603 1629 regem
616 1546 654 1607 de
667 1540 796 1624 injuriis,
812 1543 842 1605 n·
859 1563 934 1624 qaus
947 1542 1037 1607 sociis
1044 1543 1158 1626 factos

81 1636 288 1770 ponerentur,
306 1629 459 1693 arbitratu
472 1639 593 1693 senatus
612 1630 839 1727 satisfacturum
852 1648 926 1693 esse.
971 1629 1027 1711 sp.
1044 1628 1157 1691 Carvi-

96 1710 159 1787 ina,
175 1710 297 1776 adeam
313 1714 415 1798 ipsam
431 1735 499 1778 ram
520 1736 560 1777 ex
576 1713 706 1779 Graecia
724 1712 874 1779 remissus
888 1713 929 1779 ab
945 1713 1006 1776 Cu.
1023 1713 1157 1787 Sicinio,

81 1793 114 1856 in
130 1809 243 1861 senatu
259 1812 336 1863 erat
357 1801 385 1863 is
401 1799 619 1865 Perrhaebiam
630 1808 845 1886 expugnatam
859 1798 967 1876 armis,
979 1796 1157 1867 Thessalis

80 1877 205 1966 aliquot
234 1883 329 1949 nrbes
361 1898 479 1969 captas,
502 1898 616 1962 cetere,
639 1907 712 1969 qum
732 1895 930 1968 satageret,
953 1894 1009 1947 aot
1028 1895 1156 1966 pararet

79 1986 148 2043 rex,
166 1990 266 2052 quum
286 1984 445 2057 argueret,
469 1971 660 2055 respondere
681 1970 724 2036 ad
751 1993 789 2033 ea
808 1970 905 2056 legati
926 1968 1017 2054 jussi.
1062 1967 1154 2033 Post-

77 2071 177 2135 quam
192 2053 393 2137 haesitabant,
407 2069 559 2145 negantes
581 2057 642 2122 sibi
664 2057 749 2121 ultra
770 2056 942 2142 quidquam
965 2054 1153 2127 mandatum

78 2156 158 2215 esse,
170 2136 249 2222 jussi
271 2143 459 2206 retrunciare
483 2143 563 2230 regi,
582 2146 742 2208 Consulem
758 2144 796 2206 Ρ.
810 2143 965 2211 Licinium
987 2142 1067 2209 breta
1085 2163 1154 2209 cam

74 2226 214 2288 exercita
222 2226 370 2307 saturum
386 2229 420 2288 in
435 2229 623 2290 Macedonio
638 2251 710 2291 esse.
732 2230 777 2289 ad
790 2249 865 2303 eum,
881 2230 910 2290 si
923 2227 1098 2308 satisfircere
1119 2229 1154 2297 in

74 2310 192 2371 annno
207 2319 291 2383 esset,
306 2312 438 2373 mitteret
452 2315 577 2395 legatos.
614 2313 746 2373 Roaiam
760 2313 839 2392 paud
848 2320 1000 2390 praterea
1010 2313 1156 2386 minuet,

73 2413 144 2457 non
170 2411 251 2454 esse.-
272 2395 449 2454 ”neminem
474 2416 573 2456 eoram
598 2415 655 2471 per
681 2393 807 2453 Italiam
829 2395 875 2451 ire
896 2394 1062 2452 licitamm.
1107 2392 1158 2460 lta

73 2476 234 2551 dimissis,
259 2475 297 2539 P.
323 2473 452 2538 Licinio
472 2474 597 2538 consuli
618 2473 814 2548 mandatam,
837 2472 922 2538 intra
955 2472 1159 2546 undecimum

74 2563 170 2628 diem
180 2562 311 2645 juberet
325 2582 380 2623 eos
395 2559 487 2624 Italia
509 2558 672 2639 excedere,
687 2571 719 2622 et
742 2558 799 2640 Sp.
816 2557 990 2622 Carvilium
1006 2559 1154 2639 mitteret,

34 2659 43 2680 ⁰
76 2650 145 2736 qni,
165 2648 268 2712 donec
291 2666 403 2711 navem
425 2644 690 2722 conscendissent,
707 2644 891 2710 custodiret.
936 2644 1022 2714 Haec
1039 2647 1154 2720 Romus

74 2749 159 2809 scta,
177 2733 321 2797 nondum
337 2730 487 2816 profectis
503 2733 535 2796 in
549 2731 747 2816 provinciam
769 2729 962 2800 consulibus.
997 2732 1070 2798 darn
1089 2733 1151 2798 Cn.

76 2819 228 2895 Sicinius,
250 2819 315 2904 qui,
332 2818 518 2905 priusquam
540 2819 728 2904 magistratu
750 2816 858 2894 abiret,
876 2817 1086 2883 Brundisium
1108 2818 1151 2886 ad

19 2919 20 2950 l
75 2904 212 2968 classem
241 2904 335 2967 etad
361 2906 533 2968 exercitum
559 2905 740 2987 praemissus
762 2913 840 2978 erat,
857 2905 995 2987 trajectis
1015 2905 1047 2968 In
1072 2904 1150 2987 Epi.

19 2971 21 3044 l
76 3011 151 3054 rum
168 2987 310 3076 quinque
324 2988 463 3053 millibus
477 2988 631 3073 peditum,
641 2989 791 3054 trecentis
802 2988 973 3072 equitibus,
990 2986 1031 3052 ad
1049 2987 1151 3071 Nym·

75 3075 210 3161 pbaeum
225 3078 258 3140 in
273 3096 353 3159 agro
367 3074 563 3158 Apolloniati
585 3087 687 3140 castra
707 3073 858 3138 habebat.
902 3073 982 3138 Inde
1002 3072 1149 3138 tribunos

74 3182 153 3225 sum
173 3160 300 3227 duobus
314 3160 455 3224 millibus
470 3160 608 3224 militam
629 3160 670 3224 ad
690 3158 878 3243 occupanda
892 3159 1147 3232 Dassaretiorum

36 3347 54 3382 ο
491 3295 498 3334 ¹
509 3302 598 3350 suadis
609 3303 655 3349 del.
668 3302 736 3348 Crev.

107 3448 145 3495 22
162 3446 216 3492 Duo
229 3447 318 3511 millia]
338 3447 404 3493 omn
419 3447 545 3508 legebatur
561 3448 598 3491 in-
662 3447 694 3494 26
709 3442 944 3505 ramatum]
958 3443 1044 3492 Sm'bit
1055 3445 1147 3494 emm.

74 3513 146 3560 sulse
160 3511 223 3558 atille
236 3512 319 3559 nidis.
352 3511 599 3571 curmisiacum
632 3511 686 3556 vitu
697 3511 792 3558 lauder
810 3517 901 3556 usone
912 3510 947 3556 sic
957 3509 1018 3555 solet
1027 3509 1120 3560 Livius.

76 3576 155 3622 Error
172 3589 260 3636 nempe
275 3581 348 3622 natus
367 3583 418 3622 erat
436 3589 467 3622 ex
486 3588 600 3621 numero-
663 3574 694 3621 27
712 3574 837 3624 Noniano
855 3587 934 3620 caram
945 3587 991 3633 pcr
1007 3573 1148 3622 rummare

75 3653 135 3687 nun
147 3640 213 3685 notis
224 3639 297 3685 MM.
630 3637 762 3700 ilcitaranr]
787 3636 849 3683 Fore
867 3644 896 3683 ut
918 3637 1040 3683 nemiuem
1062 3652 1147 3684 corum

110 3704 145 3751 23
163 3702 281 3759 Qtam
297 3706 374 3766 rogati
390 3703 509 3751 Cretenses
523 3702 600 3750 iniria·
631 3701 701 3747 liceat
712 3702 747 3746 ire
758 3713 801 3759 per
812 3701 915 3748 Italiam.
950 3701 1004 3752 Hoc
1012 3703 1064 3750 sine
1074 3715 1147 3749 causa

77 3767 140 3830 aas]
160 3766 245 3827 Vulgo
255 3769 331 3825 rogati
341 3768 438 3814 emilia.
473 3764 599 3827 Expuusit
631 3770 771 3824 suspectum
788 3764 836 3810 fuit
856 3765 984 3811 Gronovio.
1014 3765 1147 3812 blattarum

74 3832 228 3892 superfluam
253 3843 336 3880 rocem
358 3830 480 3878 Gronovio
501 3835 599 3880 auctore
631 3835 667 3874 est
677 3842 723 3874 vox
733 3829 817 3888 probs,
829 3841 877 3890 qua
892 3841 950 3874 usus
961 3836 998 3876 est
1010 3828 1094 3874 Livius
1105 3841 1146 3871 su-

76 3894 194 3943 cartem
630 3905 675 4002 pra
685 3893 701 3937 l.
713 3891 829 3938 XXXII.
841 3905 862 3937 c.
875 3891 912 3939 21.
931 3901 959 3939 ut
971 3896 1081 3939 observat
1092 3888 1144 3934 Jac.

108 3959 142 4006 24
160 3959 188 4007 C.
201 3957 346 4021 Decimium]
364 3957 390 4004 C.
403 3957 528 4008 Decimius
535 3955 600 4004 inira
653 3957 778 4003 sonorius:
796 3969 855 4003 usas
866 3964 902 4002 cst
914 3964 938 4003 et
949 3958 1031 4004 Cicero
1039 3955 1055 3999 l.
1069 3953 1102 3996 11.
1114 3950 1146 3996 ad

74 4019 174 4071 XLIII.
188 4023 228 4070 ll.
245 4024 272 4069 m
286 4031 382 4083 pretor.
417 4021 477 4070 Inde
492 4022 598 4080 sumpsit
629 4015 681 4067 nst.
698 4021 743 4081 Ep.
762 4020 782 4066 l.
812 4019 865 4067 Nec
883 4034 979 4067 necesse
996 4026 1033 4064 est
1051 4021 1146 4059 mutare

75 4084 123 4132 hot
134 4101 225 4136 nomen
243 4088 364 4147 Sigonius,
381 4100 465 4147 quum·
474 4087 542 4146 prius
558 4084 598 4131 hin
629 4086 742 4132 aaataem
759 4086 784 4130 in
801 4085 895 4130 acuunt
929 4085 992 4129 'Iam
1008 4079 1075 4126 enim
1086 4077 1145 4128 ‹fici-

75 4149 204 4210 tegatur.
211 4153 240 4201 C.
253 4147 359 4200 Deciana
629 4155 670 4195 tus
679 4148 731 4196 linet
742 4163 779 4195 me
788 4147 923 4206 lcocsacerc,
932 4157 1006 4203 quam
1019 4143 1072 4188 licet
1079 4143 1144 4192 milri.

76 4212 144 4330 20125
159 4215 190 4262 Ia
205 4213 328 4280 oppidem]
349 4213 406 4265 Vid.
419 4222 469 4266 not,
481 4213 521 4268 dia
533 4213 563 4262 ad
575 4227 595 4264 a.
628 4209 686 4262 Vid.
696 4212 796 4262 Noram
807 4210 918 4257 Method.
930 4207 1020 4269 linguae
1029 4205 1130 4259 Latina.

131 4290 211 4342 ⁸⁰9¹·-

120 4359 194 4405 von.
211 4363 257 4406 rr.
432 4411 436 4418 ,
456 4357 461 4362 ·
687 4360 707 4402 r
