2942 4750
419 149 510 213 nin.
532 149 627 212 XLV.
659 150 762 210 CAP.
780 152 899 212 XLIII.
1135 150 1196 213 215⁴

124 314 178 380 los
192 313 331 381 ”binim
346 315 483 380 millium
494 316 575 380 reris.
602 315 692 391 Bitia,
706 335 779 378 eum
790 314 901 378 ceteris
911 313 1074 379 obsidibus
1085 338 1103 379 a
1113 315 1192 381 Car·
1201 336 1230 384 u.
1242 338 1268 383 c.
1282 338 1336 385 sss.

123 400 223 465 seolis
237 402 409 475 arcessitus,
426 400 467 464 ad
492 417 613 482 patrem
628 420 701 463 cum
723 399 836 483 legatis
849 400 970 464 missus.
1016 399 1121 463 Nares
1142 424 1192 466 re-
1200 401 1268 449 Μ·
1281 401 1335 449 ¹⁶⁷·
1419 446 1422 453 ·

121 486 202 583 gine,
218 499 319 570 captas
334 489 373 550 tle
393 486 626 550 Macedonibus
650 485 836 549 ¹⁴inusitatae
859 500 932 550 ante
953 485 1191 571 magnitudinis,

126 592 164 635 m
178 593 292 655 eampo
310 572 430 636 Martio
446 572 609 635 subductas
619 583 704 635 sunt.

169 656 301 720 XLllI.
326 656 481 721 Haereute
502 656 619 735 adbuc,
634 678 699 719 nou
721 658 754 721 in
776 659 887 721 animis
909 658 1016 736 modo,
1036 659 1089 722 sed
1112 678 1194 736 pene

126 740 162 805 in
177 742 287 819 oculis,
304 743 456 805 memoria
475 741 676 805 Macedonici
691 743 855 825 triumphi,
881 744 918 806 L.
936 745 1068 808 Anicius
1083 747 1102 778 ¹⁵
1112 744 1193 821 Qui·
1203 756 1232 805 L.
1244 757 1324 803 anim

126 826 285 891 riualibus
313 827 521 910 triumphauit
541 828 581 889 de
602 849 676 913 rege
699 828 816 892 Gentio
841 828 1024 915 illyriisque.
1073 822 1348 895 gimilianiumphus

128 911 241 975 omnia
257 913 356 998 magis
370 913 436 975 visa
451 911 641 997 hominibus,
658 934 753 996 quarn
772 913 869 993 paria.
892 915 997 978 miuor
1013 915 1078 999 ipse
1095 916 1195 1001 impe·

125 1010 229 1074 rator,
252 1009 283 1060 et
304 997 469 1061 nobilitate
492 997 625 1060 Anicius
649 1017 722 1062 cum
748 998 892 1076 AEmilio,
919 1014 951 1063 et
974 1001 1049 1085 jure
1069 1001 1196 1087 imperii

126 1093 251 1166 praetor
280 1104 354 1146 cum
383 1081 512 1149 consule
537 1082 700 1146 conlatus:
730 1106 797 1147 non
820 1085 954 1148 Gentius
981 1085 1106 1162 Perseo,
1130 1110 1197 1153 non

129 1166 234 1252 Illyrii
259 1166 500 1244 Macedombus,
520 1189 586 1230 non
612 1166 714 1251 spolia
734 1169 852 1253 spoliis,
869 1171 963 1233 ¹‘non
984 1173 1120 1254 pecuina
1141 1195 1196 1256 pe·

129 1251 248 1331 cuniae,
278 1274 344 1315 non
365 1253 452 1316 dona
471 1253 564 1315 donis
586 1257 760 1335 comparari
776 1268 931 1335 poterant.
976 1256 1087 1341 ltaque
1117 1260 1198 1323 sicut

128 1335 343 1424 prefulgebat
370 1339 445 1402 huic
466 1337 647 1421 triumphus
668 1360 798 1414 recens3
828 1338 873 1402 ita
894 1338 1066 1423 adparebat
1092 1343 1198 1428 ipsum

129 1443 191 1507 per
212 1445 245 1485 se
265 1423 462 1487 intuentibus
484 1445 683 1507 nequaquam
706 1446 773 1487 esse
798 1426 1073 1491 contemnendum.
1121 1429 1198 1492 Per·

131 1507 301 1573 domuerat
314 1509 399 1573 intra
412 1530 529 1592 paucos
543 1509 619 1583 dies,
636 1523 721 1571 terra
741 1510 883 1593 marique
896 1510 1042 1590 ferocem,
1057 1513 1198 1600 locisque

133 1593 266 1657 munitis
280 1592 405 1671 fretam,
419 1607 546 1678 gentem
566 1593 769 1691 Illyriorum:
794 1617 900 1680 regem
916 1598 1074 1684 regiasque
1089 1622 1198 1662 omnes

132 1679 241 1762 stirpis
268 1690 412 1763 ceperat:
440 1680 459 1712 ¹⁷
469 1682 629 1741 transtulit
651 1680 682 1741 in
705 1680 903 1765 triumphum
926 1681 1026 1746 multa
1050 1684 1199 1747 militaria

135 1764 236 1851 signa,
252 1764 414 1849 spoliaque
428 1763 499 1840 alia,
513 1778 545 1831 et
555 1764 780 1847 supellectilem
795 1769 933 1853 regiam:
958 1769 978 1800 ¹⁸
987 1768 1056 1830 auri
1070 1769 1206 1851 pondos

134 1850 165 1911 ν’
190 1850 199 1864 ’
222 1851 247 1914 ti
266 1863 299 1913 et
317 1863 449 1933 septem,
464 1850 587 1934 argenti
601 1849 710 1914 decem
730 1865 764 1915 et
784 1874 897 1915 norem
921 1852 1048 1934 pondo:
1074 1851 1198 1916 ¹'dena-

134 1935 163 1998 ri
188 1956 219 1997 nr
240 1936 301 1999 tria
321 1935 431 2012 millia,
452 1949 485 2000 et
505 1938 661 2000 ”centum
683 1937 796 2023 viginti
817 1937 917 2001 millia
941 1937 1042 2024 illyrii
1064 1960 1101 2002 ar
1141 1939 1197 2003 nti.

138 2020 226 2086 Ante
250 2042 379 2085 currum
407 2021 495 2086 ducti
518 2023 652 2086 Gentius
673 2043 731 2086 rex
758 2044 831 2086 cum
858 2025 995 2110 conjuge
1022 2038 1054 2089 et
1081 1960 1197 2102 libitis,

136 2115 171 2169 et
193 2104 400 2170 Carauantius
422 2106 518 2171 frater
538 2129 573 2170 re
597 2108 603 2121 '
648 2119 680 2170 et
703 2107 826 2194 aliquot
847 2109 969 2173 nobiles
991 2110 1102 2197 illyrii.
1146 2104 1200 2175 De

135 2190 249 2274 praeda
260 2191 413 2263 militibus
428 2193 462 2254 in
478 2129 887 2291 singuliiquuadragenos
908 2196 1021 2279 quinos
1042 2196 1198 2272 denarios,
1234 2212 1239 2220 ·

139 2276 260 2359 duplex
273 2276 464 2350 centsuioni,
479 2276 597 2357 triplex
610 2276 719 2358 equiti,
728 2277 821 2339 sociis
834 2279 971 2340 nominis
981 2280 1087 2341 latini
1102 2300 1202 2362 quan-

138 2370 210 2423 tum
235 2358 367 2437 ciuibus,
390 2369 423 2422 et
450 2359 541 2421 sociis
565 2358 731 2422 navalibus
753 2358 1016 2505 dedifflumum
1041 2361 1202 2427 militibus.

141 2442 265 2510 Laetior
286 2442 373 2505 bunc
394 2442 593 2525 triumphum
614 2451 661 2506 est
682 2454 807 2505 secutus
884 2465 927 2517 es,
947 2443 1116 2527 multisque
1137 2445 1205 2510 dux

140 2529 210 2611 ipsc
235 2526 430 2591 carminibus
460 2527 645 2595 celebratus.
675 2525 884 2591 ”sestertibm
906 2526 1069 2592 ducenties
1102 2551 1139 2593 ex
1152 2571 1153 2576 κ
1168 2552 1205 2594 ea

141 2613 253 2698 prada
273 2612 438 2679 redactum
460 2634 536 2691 esse,
551 2624 663 2679 auctor
685 2625 731 2677 est
752 2613 874 2692 Antias,
886 2625 1004 2702 praeter
1017 2635 1131 2679 aurum
1154 2636 1205 2681 ar-

512 2723 609 2786 ima»
620 2724 667 2770 nes
678 2724 752 2769 oron.
766 2723 834 2769 om.

60 2841 95 2876 ,ι
176 2806 209 2855 la
227 2806 319 2885 Bisica
338 2808 440 2884 suillium
464 2808 535 2870 eris]
552 2807 659 2884 'Marca-
724 2805 931 2866 lssAarivlglsti
948 2808 1204 2883 dseptm3.pond0]

139 2871 616 2996 ”isilmaiaiiiiffiffiisi
624 2935 660 2981 ss.
688 2867 970 2995 {mmm
978 2871 1149 2982 “blandiri
1157 2873 1207 2982 ‘iil

143 3010 175 3044 vs
188 2998 314 3058 vulgatam
334 2999 462 3045 lectionem
481 3011 589 3059 sequare,
608 2999 659 3045 sira
689 2999 739 3044 cias
750 2995 772 3042 5.
784 2998 933 3043 mundam
947 2996 968 3042 l.
989 2996 1079 3043 Merito
1095 2999 1206 3044 observm

143 3073 202 3108 cum
210 3062 333 3108 Gronorio
344 3064 458 3110 nendos
468 3063 601 3116 tanum,
611 3063 659 3108 utl-
690 3061 826 3106 Gronovius
841 3061 904 3105 hanc
916 3072 1039 3105 summam
1050 3061 1206 3119 perexiguam

142 3125 438 3186 queintelligendumest,
447 3124 570 3170 Romanis.
593 3124 660 3171 Nam
691 3137 752 3178 esse,
762 3130 788 3169 et
797 3123 889 3181 aliquid
896 3125 996 3170 fonsae
1005 3123 1150 3169 vitiiessein
1161 3138 1207 3170 nu·

143 3193 210 3233 notre
221 3196 288 3243 suna
299 3203 344 3235 nac
354 3190 464 3247 ignorare
479 3200 520 3233 eas
530 3188 609 3248 potnit
620 3187 661 3233 Li·
692 3188 773 3232 meris.
1155 3229 1158 3232 ,

144 3251 210 3304 sias,
223 3250 336 3299 literanis
347 3251 435 3297 'uvis
454 3263 510 3311 que
521 3250 609 3310 viginti
624 3263 662 3296 or-
726 3250 758 3296 19
772 3251 905 3297 Dersaririm
930 3253 977 3296 tria
998 3249 1085 3311 miliia]
1111 3249 1207 3297 Marsas

143 3314 244 3360 dinibus
253 3329 378 3363 remorum
388 3321 516 3375 sgerstnra
536 3312 662 3362 Potamoi
694 3313 837 3373 agendis
848 3315 932 3361 undas
944 3314 966 3361 i.

146 3375 302 3438 Philadelphi
317 3381 382 3435 dure,
393 3393 450 3438 quse
468 3378 569 3439 triginta
584 3390 663 3423 remo·
726 3377 759 3424 20
776 3378 875 3425 Centum
890 3379 977 3437 viginti
993 3378 1067 3424 millia
1076 3377 1208 3438 rupuar-

145 3453 204 3487 rum
212 3443 350 3498 ordinibus3
367 3441 535 3503 Philopatoris,
542 3454 598 3501 quaa
605 3453 664 3500 qua·
692 3439 772 3501 genii]
790 3440 847 3486 Non
858 3443 901 3488 abs
911 3455 938 3486 re
949 3442 1083 3501 suspicata
1093 3439 1209 3504 DujatIus

145 3505 275 3564 &aginus
292 3508 323 3552 de
332 3507 421 3566 quibus
431 3507 565 3552 Athenaeus
574 3506 591 3550 l.
603 3503 637 3550 V.
693 3503 732 3549 hic
741 3504 860 3563 designari
870 3503 1026 3559 Vlctoriatos,
1038 3519 1098 3564 quos
1109 3520 1140 3554 ex
1151 3507 1208 3566 illy-

64 3591 70 3605 ·
181 3566 214 3614 ts
230 3567 400 3632 malias]
415 3568 662 3622 Quirinaliscalebra·
693 3568 744 3614 rico
762 3568 870 3626 primum
888 3568 1001 3616 advectos
1019 3581 1071 3616 csse
1089 3566 1209 3616 memorat

148 3632 240 3678 bantur
261 3632 391 3680 Februario
409 3645 501 3687 manse.
513 3645 535 3678 a.
551 3633 575 3678 d.
587 3630 663 3677 xm.
696 3629 799 3684 Plinius,
815 3630 974 3679 imru.
985 3647 1006 3679 e.
1017 3633 1041 3680 8.
1059 3634 1210 3682 victoriatus

149 3692 206 3741 lai.
230 3695 340 3750 Martias
364 3696 390 3741 in
417 3696 533 3741 bonorem
559 3693 664 3747 Quirini,
697 3698 779 3740 sutem
787 3695 1209 3756 eratqutnarius‚stvedimldispars

148 3770 195 3804 seu
205 3758 312 3806 Romuli.
324 3760 381 3806 Vid.
389 3759 489 3806 Festum
500 3760 526 3804 in
536 3771 595 3804 vocs
608 3755 665 3811 Qut-
696 3757 794 3804 denarii.
827 3758 913 3819 itaque
923 3767 1022 3807 centum
1033 3762 1120 3822 viginti
1132 3759 1210 3804 millia

152 3823 251 3876 simila
262 3829 288 3869 et
298 3823 368 3870 ovid.
379 3824 396 3869 l.
409 3823 442 3868 11.
454 3822 519 3868 Fast.
619 3837 623 3844 ’
696 3819 887 3868 Vlctoriatorum
897 3825 1005 3870 efficiunt
1015 3820 1210 3879 marcasargenti

185 3885 217 3933 lt
233 3885 397 3948 Nospsessls
410 3884 526 3945 praesb]
544 3883 665 3931 Emenda-
697 3883 752 3931 ast.
764 3885 878 3931 uncias&
1042 3927 1045 3934 r

148 3950 186 3995 tio
196 3949 310 4010 sigonii..
328 3950 408 3996 Vetus
416 3947 556 3995 lacticiniis
573 3959 667 4008 asspe-
730 3946 760 3992 21
784 3946 946 4009 Quadragenos
977 3949 1057 4008 quises
1092 3944 1209 4008 ἀκούω]

149 4012 394 4060 mammae.
699 4010 788 4058 [incias
796 4014 890 4073 argenti
901 4013 925 4058 ὅ.
1025 4008 1208 4063 ,utvoeanta
1269 4015 1272 4016 ’

185 4076 216 4123 li
236 4076 368 4124 Transtulit
385 4078 412 4122 irr
430 4073 585 4137 trimas]
603 4074 667 4134 Lege
731 4074 913 4121 ”Saunium
1012 4067 1153 4135 'a]l.ibras
1172 4084 1209 4118 ar.

150 4141 344 4189 mosoma
358 4140 385 4187 is
403 4137 538 4198 absisto.-
553 4138 665 4184 &enlm
696 4138 896 4198 gentiiiomsnas
912 4136 999 4183 60000·
1016 4147 1110 4182 mareas
1124 4132 1210 4184 Parisi-

151 4215 248 4264 ssnrpar
265 4204 358 4262 Livius,
376 4210 403 4251 at
417 4201 590 4250 erumnae·
603 4201 666 4249 retia
697 4213 766 4249 enses
777 4201 864 4249 78126.

150 4267 266 4327 imbl-
643 4297 674 4304 »-

736 4336 791 4391 Η
