2942 4750
384 184 477 247 LIB.
498 181 607 246 XLIV.
636 187 735 246 cnP.
755 185 904 248 XXXIII.
1116 195 1185 254 ‘153

12 333 66 418 1⁹--
80 339 197 442 x„tiraq
213 359 341 433 propter
360 341 533 414 adrentum
553 343 647 414 simul
671 344 798 415 AEmilii
819 351 893 414 novi
907 353 1066 431 consulis,
1089 376 1184 440 quem
1192 371 1221 423 u.
1233 373 1260 424 c.
1271 375 1327 425 tea

104 434 401 522 '153022ingentibus
428 436 524 499 minis
557 437 725 501 adventare
754 436 913 514 audiebat,
942 438 1036 501 simul
1058 439 1327 506 oceane-&1⁶2

115 519 275 603 ρὴέιοτίε.
318 522 340 557 ⁷⁶
352 520 421 585 Nec
435 521 540 585 minus
548 523 678 585 terroris
689 545 709 586 a
718 521 817 587 classe
834 523 983 596 Romana
996 537 1029 588 et
1042 526 1183 608 periculo

113 606 288 669 maritimae
309 628 376 670 orae
398 607 541 671 habebat
589 608 827 672 Thessalonicae
843 607 1003 673 Eumenes
1030 625 1063 673 et
1084 611 1185 676 Athe·

112 711 249 776 nagoras
269 706 428 778 praeerant
447 715 521 757 cum
536 714 634 777 parvo
648 695 796 778 praesidio
809 694 947 758 duorum
962 696 1099 759 millium
1120 718 1183 762 cm-

111 788 280 840 tratorum.
326 777 375 840 Eo
392 791 425 842 et
439 778 631 842 Androclen]
647 779 831 863 praefectum
854 781 962 858 mittit,
974 783 1099 866 jussum
1122 783 1181 848 sub

111 861 191 944 ipsis
216 862 379 926 navalibus
401 876 503 928 eastra
525 863 652 928 habere.
699 864 832 928 AEniam
854 866 941 929 mille
964 868 1085 952 equites
1108 890 1181 933 cum

112 947 283 1033 Antigono
311 949 397 1013 misit
421 949 460 1011 ad
484 950 649 1013 tutandam
673 951 864 1014 maritimam
893 972 1002 1017 oram:
1031 966 1077 1030 ut,
1100 976 1180 1040 quo·

111 1054 188 1097 cum
213 1055 253 1096 ue
267 1034 360 1098 litore
381 1034 571 1119 adplicuisse
594 1057 688 1099 naves
709 1034 849 1100 hostium
872 1037 1043 1117 audissent,
1058 1052 1179 1104 extem-

109 1120 169 1203 plo
190 1054 316 1183 lerrent
336 1120 512 1206 agrestibus
533 1142 637 1204 opem.
667 1122 809 1206 quinque
833 1121 934 1186 millia
960 1121 1176 1190 Macedonum

110 1204 210 1267 missa
239 1204 279 1267 ad
306 1205 489 1287 praesidium
510 1206 652 1292 ”Pythii
680 1219 712 1271 et
739 1208 855 1282 Petrae,
878 1207 993 1292 quibus
1015 1212 1178 1292 praepositi

110 1302 205 1354 erant
221 1289 385 1368 Histiaeus,
398 1302 431 1354 et
446 1292 644 1377 Theogenes,
659 1304 694 1356 et
704 1292 799 1357 Milo.
832 1293 895 1356 His
909 1293 1064 1376 proiectis,
1078 1297 1103 1359 ri
1127 1319 1339 1385 ummpamuut·

11 1411 12 1416 κ
107 1373 240 1438 munire
264 1376 376 1460 Enipei
405 1378 545 1441 fluminis
575 1377 743 1464 adgressus
777 1390 834 1456 est,
860 1378 936 1462 quia
961 1379 1054 1443 'sicco
1122 1389 1323 1447 seopumunn.

10 1473 23 1532 l
109 1461 241 1524 transiri
254 1475 389 1546 poterat.
432 1466 454 1502 ⁷⁸
467 1463 554 1527 Huic
569 1475 605 1528 ut
618 1462 723 1527 omnis
745 1463 918 1527 multitudo
938 1475 1074 1542 vacaret,
1089 1467 1178 1532 femi·

11 1557 12 1562 ’
109 1567 177 1624 nse,
198 1567 239 1609 ex
253 1549 439 1633 propinquis
460 1551 593 1613 urbibus
607 1561 738 1630 eoactae,
753 1548 872 1613 cibaria
885 1551 918 1615 in
940 1564 1043 1617 castra
1057 1552 1178 1620 adiere·

109 1629 209 1695 baut:
232 1632 321 1698 miles
331 1635 439 1719 jussus
453 1656 493 1698 ex
505 1636 694 1721 propinquis
708 1635 793 1700 silvis

487 1784 506 1817 Ο
633 1787 653 1821 X·
779 1787 798 1825 ll

155 1885 323 1952 XXXIII.
358 1890 432 1932 *θ’
448 1899 610 1973 postremo
639 1891 726 1974 sequi
758 1913 791 1955 se
811 1890 947 1994 ⁷'utrari
1010 1889 1050 1953 ad
1079 1910 1174 1969 mare,

105 1973 195 2056 quod
210 1974 316 2037 minus
332 1985 488 2039 trecentos
504 1996 614 2059 passus
628 1975 746 2056 aberat,
764 1977 869 2061 jussit,
891 1988 923 2040 et
938 1999 946 2037 ι
990 1975 1082 2040 litore
1097 1978 1174 2042 alios
1182 1997 1287 2046 mvena

11 2107 12 2110 ,
105 2056 185 2121 alibi
207 2060 341 2123 modicis
363 2060 536 2125 intervallis
557 2062 674 2126 fodere.
704 2076 828 2126 montes
850 2062 985 2149 ingentis
1000 2062 1254 2127 altitudinisque

11 2149 12 2176 ¹
104 2164 196 2224 spem
225 2143 393 2223 faciebant,
417 2168 455 2209 eo
484 2147 584 2231 magis
609 2148 684 2231 quia
709 2148 814 2212 nullos
842 2162 969 2233 apertos
992 2163 1175 2233 evergetem

101 2229 202 2305 rivos,
219 2229 360 2293 occultos
381 2232 544 2294 continere
558 2231 676 2306 latices,
692 2255 829 2313 quorum
844 2256 933 2296 venae
947 2234 980 2294 in
997 2255 1082 2296 mare
1102 2255 1174 2317 per·

98 2327 273 2378 manantes
287 2315 412 2379 ⁸⁰nudae
431 2318 649 2378 miscerentur.
693 2318 756 2377 Vix
776 2316 914 2379 deducta
934 2338 1057 2380 summa
1079 2339 1175 2382 arena

97 2409 187 2472 erat,
209 2418 308 2481 quum
331 2399 537 2482 scaturigines
559 2397 695 2459 turbidae
716 2400 823 2479 primo
845 2409 876 2460 et
898 2414 1007 2460 tenues
1028 2400 1173 2478 emicare,

98 2483 181 2549 dein
197 2481 351 2567 liquidam
368 2481 564 2565 multamque
573 2479 706 2543 sundere
720 2503 846 2566 aquam,
856 2481 943 2545 velut
957 2481 1065 2545 Derim
1079 2483 1173 2562 dono,

98 2580 288 2651 coeperunt.
333 2567 543 2667 Aliquantum
560 2589 598 2629 ea
613 2587 740 2651 quoque
756 2589 804 2630 res
818 2567 893 2631 duci
906 2566 1000 2630 iamne
1021 2583 1053 2630 et
1066 2579 1174 2633 aucto-
1227 2624 1235 2646 ,,

53 2688 62 2707 ·
97 2654 210 2719 uitatis
232 2653 318 2736 apud
342 2654 458 2717 milites
479 2652 604 2716 atl‘ecit.
647 2652 749 2716 dussis
771 2651 886 2717 deinde
907 2652 1060 2717 militibus
1076 2676 1172 2738 expe-

97 2739 174 2804 dire
188 2761 287 2813 arma,
304 2739 370 2824 ipse
384 2761 457 2803 eum
474 2675 610 2802 tribunis
624 2744 643 2775 ⁸¹
654 2738 829 2824 primisque
843 2738 1008 2803 ordinibus
1024 2740 1109 2804 vadit
1130 2742 1172 2807 ad

100 2824 366 2908 contemplandos
381 2827 551 2899 transitus3
574 2846 636 2909 qua
650 2824 817 2888 descensus
839 2826 937 2890 facilis
952 2827 1092 2904 armatis,
1108 2850 1173 2912 qua

99 2913 137 2975 in
153 2910 335 2975 ulteriorem
359 2913 461 2995 ripam
486 2911 615 2973 minime
637 2910 765 2995 iniquus
785 2913 954 2977 adscensus
971 2926 1060 2975 esset.
1106 2913 1170 2978 His

101 2998 182 3060 satis
196 2997 377 3080 exploratis
394 2996 449 3060 illa
465 3018 591 3081 quoque
612 2996 764 3080 primurn,
781 3008 818 3060 ut
837 2998 950 3061 ordine
972 3018 1009 3060 ac
1031 2997 1098 3058 sine
1121 3011 1170 3062 tu-

101 3082 209 3145 multu
224 3083 330 3146 omnia
351 3083 384 3146 in
407 3083 534 3166 agmine
548 3083 587 3144 ad
610 3095 722 3145 nutum
746 3082 980 3167 imperiumque
1000 3081 1092 3146 ducis
1113 3081 1170 3145 fie-

102 3180 188 3246 rent,
202 3169 352 3251 proridit.
399 3168 466 3232 Ubi
481 3169 628 3230 omnibus
649 3166 742 3229 simul
761 3168 1037 3250 pronunciaretur‚
1053 3168 1171 3251 “quod

18 3274 23 3289 ·
47 3266 54 3286 ·
102 3253 205 3331 fieret,
235 3256 339 3340 nsque
360 3275 470 3317 omnes
492 3251 698 3330 exaudirent3
727 3253 851 3316 incerto
872 3254 1006 3337 imperio
1027 3265 1168 3338 acceptu,

11 3390 25 3405 ,
40 3348 57 3373 '¹
78 3338 195 3416 ¹tilios,
210 3342 231 3373 ⁸⁸
243 3340 282 3403 ab
298 3363 331 3404 se
345 3339 538 3426 adjicientes,
553 3339 625 3421 pius
646 3360 696 3414 co,
710 3337 798 3423 quod
814 3339 1003 3424 imperatum
1025 3340 1074 3417 sit,
1090 3339 1169 3405 alios

137 3541 169 3588 76
184 3542 239 3589 Nec
258 3543 336 3588 minue
355 3535 461 3603 raum]
488 3541 544 3587 Non
566 3542 620 3586 hac
652 3539 743 3598 ligendi
759 3540 843 3598 procul
860 3540 934 3586 dubio
955 3545 1012 3585 sunt
1023 3537 1040 3585 ii
1052 3540 1093 3599 qui
1108 3543 1168 3588 utri.

100 3608 141 3652 r'ta
150 3606 288 3664 accipienda
299 3613 364 3661 sunt,
377 3607 445 3665 quasi
465 3606 551 3651 tertius
566 3605 620 3664 qui·
652 3603 697 3648 bus
708 3616 796 3661 aquam
808 3604 833 3648 in
844 3610 923 3649 eastra
933 3604 1025 3650 deferre
1036 3605 1151 3652 solebant.

101 3672 163 3716 dam
177 3676 262 3723 terror,
277 3676 366 3728 prutes
375 3670 466 3715 AEmrlil
477 3670 619 3727 Octavinue
683 3664 816 3713 80'Usdoe
832 3667 992 3730 asserentur]
1007 3669 1032 3715 Si
1043 3682 1103 3715 sana
1113 3670 1167 3716 bsec

99 3735 245 3786 adventum,
259 3732 374 3779 Perseum
390 3734 517 3782 sollicitare
532 3733 622 3778 dicere-
654 3736 720 3783 suna
733 3743 780 3775 vox
791 3731 865 3785 ande,
877 3732 912 3777 sic
923 3734 987 3780 nude
1002 3734 1089 3793 psalta,
1104 3733 1167 3780 acei-

100 3806 152 3844 tur.
184 3797 314 3857 comparat
322 3797 406 3843 Livius
414 3797 565 3843 maritimum
574 3802 621 3842 ter-
653 3794 741 3854 pienda
752 3801 788 3839 est
799 3809 843 3855 pro
853 3794 921 3842 uadit
930 3798 1035 3843 mmsis.

99 3867 254 3919 restremque
265 3867 365 3907 termres
376 3862 482 3906 Interes.
684 3857 1166 3921 elfrmu....oraaum]1³nms.

138 3925 168 3971 77
185 3922 280 3984 Pyrrus]
297 3925 362 3969 ΟΙίπι
382 3924 477 3981 Pythoi.
509 3923 619 3969 Correxit
650 3923 829 3969 rumordlnum
839 3924 1026 3970 centurionibus.
1059 3920 1167 3967 vimus

102 3985 555 4048 segonius.utsupmtxn11.e.ss
651 3998 695 4045 pra
705 3987 721 4031 l.
733 3985 822 4032 XXX.
833 4001 854 4033 c.
865 3986 889 4032 4

137 4052 169 4099 ts
185 4048 253 4097 Huic
262 4056 289 4096 at
298 4051 373 4096 onmis
388 4045 522 4111 muttum]
540 4050 620 4095 Mam·
682 4048 995 4157 82'QuodstarctLSennss
1005 4047 1101 4092 videtur
1116 4046 1166 4093 cxi·

102 4118 194 4162 I'estum
206 4121 244 4160 est
256 4116 347 4174 ahquid
361 4115 451 4160 deesse.
484 4113 549 4173 Lege
561 4127 619 4159 cum
650 4128 715 4175 gere,
727 4115 843 4175 Νάβιν-ἰ
853 4114 880 4159 dc
904 4128 918 4157 r
1058 4170 1064 4181 ¹

104 4178 219 4226 Mumtu:
243 4180 300 4226 huie
319 4179 382 4239 opert
398 4180 424 4223 ut
446 4178 521 4224 onmis
540 4178 619 4223 multt-
681 4176 774 4225 83·Αό
794 4190 819 4223 sc
842 4174 989 4241 adjicientes]
1016 4173 1165 4234 numento

104 4242 166 4288 tudo.
606 4272 608 4275 v
650 4242 742 4303 aliquid
753 4254 785 4288 ex
795 4254 840 4288 suo
851 4241 881 4286 ad
893 4252 921 4285 ea
931 4251 988 4298 qum
998 4239 1134 4290 sudarunt.

137 4307 168 4354 79
187 4305 308 4369 Utrars'ur]
320 4305 377 4353 Vox
388 4306 515 4353 ranssima.
544 4305 619 4353 Intel-
