2942 4750
435 414 493 515 Τ.
539 408 737 513 LlVII
793 401 1166 509 PATAVINI

593 631 818 715 ursan
853 629 1015 713 xant.

701 853 895 898 -ou

109 1030 245 1080 lic-5⁸&
273 1014 521 1093 PRINCIPIO
549 1027 641 1105 veris,
667 1022 754 1110 quod
782 1023 918 1087 hiemem
946 1043 1027 1099 eam,
1081 1037 1122 1084 ua
1141 1016 1211 1084 hee
1239 1023 1329 1104 gestu

108 1098 139 1142 A*
151 1097 177 1143 α
191 1097 244 1148 ¹⁶⁹·
271 1124 355 1190 sunt,
370 1112 545 1174 insecutum
560 1123 616 1188 est,
632 1111 673 1174 ab
691 1111 794 1173 Romo
814 1107 973 1192 profectus
986 1107 1029 1183 Q.
1046 1043 1189 1170 riardus
1204 1102 1327 1185 Philip·

294 1221 329 1261 us
344 1195 453 1261 consul
468 1199 475 1227 ¹
488 1218 560 1260 cum
574 1196 716 1282 quinque
730 1193 868 1258 millibus
891 1192 1009 1278 ('quod
1024 1193 1056 1254 in
1071 1190 1327 1275 supplementum

267 1219 427 1370 legionum
443 1303 548 1345 secum
564 1282 749 1367 tmjecturus
764 1282 843 1359 erat)
862 1277 1067 1344 Brundisium
1082 1273 1235 1361 pervenit.
1273 1268 1326 1335 M.

108 1365 216 1416 Mfflffl
268 1366 421 1452 PopIIIIus
434 1366 606 1430 consularis
627 1368 678 1428 ’et
692 1364 745 1430 ulii
766 1365 836 1449 pari
859 1362 1022 1426 nobilitate
1043 1361 1253 1423 adolescentes
1268 1355 1326 1418 tri-

104 1427 214 1545 ffl‘u,
266 1452 345 1516 buni
360 1451 495 1515 militum
510 1453 542 1514 iu
561 1450 783 1514 Macedonicas
798 1448 935 1534 legiones
952 1444 1110 1510 consulem
1127 1442 1224 1507 secuti
1239 1451 1325 1505 sunt.

103 1566 193 1630 prem
203 1569 251 1609 ιη.
269 1537 331 1602 Per
344 1559 398 1600 eos
412 1537 478 1599 dies
493 1547 524 1598 et
547 1536 584 1599 C.
602 1535 743 1599 Marcius
766 1533 897 1619 Figulus
910 1545 1040 1616 praetor,
1056 1530 1108 1593 cui
1130 1526 1235 1592 classis
1248 1546 1327 1610 pro·

100 1623 226 1680 notantur
266 1623 368 1687 vincia
388 1632 543 1698 evenerat,
560 1617 766 1683 Brundisium
782 1619 884 1680 venit:
907 1629 939 1680 et
961 1614 1054 1680 simul
1077 1635 1118 1677 ex
1142 1611 1325 1695 Italiapro·

104 1685 231 1736 (ΜΨ
263 1708 348 1785 fecti,
367 1705 538 1793 Corcyram
555 1703 654 1768 altero
665 1704 725 1778 die,
743 1704 836 1766 tertio
852 1705 979 1766 Actium
993 1698 1180 1764 Acarnanioe
1194 1707 1324 1783 portum

262 1805 445 1858 tenuerunt.
490 1789 568 1855 Inde
593 1789 713 1864 consul,
737 1788 777 1851 ad
801 1786 1004 1851 Ambraciam
1030 1805 1181 1871 egressus,
1211 1782 1330 1844 iuuere·

263 1880 403 1942 terrestri
425 1876 505 1961 petit
524 1874 731 1938 Thessaliam.
778 1873 912 1948 Proetor,
928 1885 1076 1955 superato
1091 1869 1239 1943 leucate,
1257 1865 1325 1930 Co·

262 1963 415 2026 rinthium
438 1961 543 2025 sinum
563 1960 715 2034 invectus,
734 1971 766 2020 ct
789 1957 919 2021 Creiisae
941 1955 1055 2019 relictis
1077 1954 1217 2025 navibus,
1240 1963 1324 2016 terra

261 2059 294 2110 et
321 2048 331 2107 i
355 2068 388 2108 se
409 2067 467 2129 per
489 2044 624 2108 mediam
648 2042 804 2108 Boeottam
830 2042 892 2105 diei
916 2041 1009 2103 unius
1037 2036 1187 2122 expedito
1208 2035 1324 2099 itinere

262 2069 447 2196 Chalcidem
478 2131 517 2192 ad
542 2128 673 2192 classem
700 2127 870 2191 contendit
916 2125 1028 2190 Castra
1053 2144 1092 2185 eo
1112 2134 1256 2206 tempore
1278 2121 1321 2184 A.

262 2215 420 2282 Hostilius
434 2215 467 2277 in
483 2214 646 2279 Thessulia
667 2215 752 2277 circa
770 2210 1038 2295 Palaepharsalum
1060 2206 1216 2282 habebam
1239 2206 1322 2269 sicut

259 2302 347 2365 nulla
363 2324 396 2365 re
410 2299 523 2364 bellica
533 2297 728 2365 memorabili
739 2311 837 2386 gesta,
850 2297 895 2360 ita
908 2294 971 2358 ‘sd
986 2304 1132 2357 cunctam
1150 2291 1320 2354 militarem

258 2388 456 2473 disciplinam
471 2389 508 2450 ab
520 2387 616 2450 effusa
628 2388 752 2451 licentia
760 2383 895 2446 formato
906 2380 1014 2456 milite,
1026 2391 1058 2442 et
1068 2377 1160 2441 sociis
1171 2398 1244 2441 cum
1256 2374 1322 2439 fide

258 2473 361 2550 cultis,
378 2486 409 2537 et
424 2473 464 2536 ab
486 2474 572 2537 omni
590 2494 706 2560 genere
721 2469 845 2557 injuriae
866 2466 1009 2531 defensis.
1053 2462 1174 2526 Audito
1194 2482 1319 2526 succes·

258 2561 339 2623 soris
354 2560 501 2634 adventu,
517 2580 615 2642 quum
632 2579 730 2632 arma,
747 2557 841 2629 viros,
852 2573 949 2634 equos
963 2570 1036 2614 curn
1051 2569 1127 2612 cura
1141 2548 1319 2630 ‘inspexis-

258 2653 316 2718 set,
331 2656 444 2705 ornato
458 2641 601 2703 exercitu
623 2641 747 2700 obviarn
769 2637 906 2698 venienti
925 2633 1047 2696 consuli
1068 2633 1230 2717 processit.
1275 2630 1321 2695 Et

256 2726 378 2809 primus
393 2743 502 2784 eorum
519 2742 704 2865 congressus
724 2741 764 2781 ex
782 2719 936 2802 dignitate
955 2718 1096 2802 ipsorum
1117 2740 1156 2782 ec
1178 2716 1319 2781 Romani

256 2806 404 2881 nominis,
419 2807 470 2869 ‘et
491 2805 523 2866 in
547 2825 581 2867 re
605 2826 640 2865 us
662 2801 777 2865 deinde
797 2800 944 2889 gerendis
957 2805 986 2866 ¹¹.
1031 2802 1209 2867 Proconsul
1229 2804 1316 2866 enim

264 2928 768 3009 rcumqonaasuouslueatpr'a
802 2953 892 3007 partes.

255 3014 319 3061 fectu
329 3012 369 3058 hic
379 3012 477 3070 aliquid
510 3009 634 3056 Numerus
650 3010 769 3055 enimsb·
832 3009 1017 3074 Marpesiam]
1038 3009 1182 3073 conjecturs
1199 3009 1316 3057 manant

255 3077 333 3141 solute
348 3082 373 3121 et
388 3089 431 3134 per
446 3086 480 3127 se.
497 3086 544 3118 non
562 3069 656 3133 adjecta
670 3087 696 3121 re
711 3086 768 3133 quse
800 3073 880 3121 Codex
891 3074 976 3121 habult
987 3075 1100 3120 malcan.

255 3145 404 3191 numeretur,
416 3142 479 3182 sture
489 3137 514 3183 lu
526 3135 632 3182 oratione
651 3150 700 3182 non
718 3143 771 3196 pot·
833 3137 850 3184 d
864 3137 932 3183 Ello
942 3138 1007 3183 redas
1017 3137 1096 3183 delun
1103 3135 1223 3199 gerendis]
1240 3136 1317 3184 Hune

254 3208 299 3248 sat.
319 3210 323 3215 '
341 3202 388 3246 Sed
409 3205 433 3245 et
451 3211 567 3244 numerus
584 3201 635 3259 ipse
650 3200 697 3245 hoc
717 3202 771 3246 loco
801 3200 882 3245 locum
898 3201 933 3246 sle
948 3201 1029 3260 explet
1040 3200 1166 3259 Sigoniusr
1183 3204 1206 3244 et
1216 3201 1241 3244 io
1251 3202 1320 3248 retu

254 3265 350 3309 videtur
369 3262 467 3313 vitiatus
486 3274 546 3315 esse,
565 3276 641 3322 quum
659 3276 734 3322 supra
752 3263 769 3307 l.
801 3262 881 3309 danda
894 3263 1002 3323 gerendis
1018 3276 1107 3309 sumere
1122 3262 1188 3307 atille
1204 3262 1317 3325 Philippo

254 3324 364 3387 xcln.
375 3336 396 3368 c.
416 3323 454 3371 12.
481 3326 612 3372 decrererit
627 3334 724 3372 senatus
740 3326 766 3372 ln
797 3325 884 3371 aaran
891 3325 953 3386 salt.
985 3324 1114 3370 Promml
1127 3325 1188 3371 enlm
1203 3324 1234 3370 sd
1247 3339 1315 3372 caer.

253 3387 449 3447 supplementum
472 3387 622 3436 Mseedonici
647 3391 766 3437 exereitus
797 3389 869 3433 fflam
885 3401 1012 3441 cananeas,
1029 3400 1081 3432 eam
1099 3387 1197 3433 adrem
1212 3388 1315 3450 sortiter·

248 3450 354 3512 mltum
373 3448 531 3497 nmmo·
547 3465 586 3496 rea
602 3452 765 3507 milliarens-
794 3450 919 3510 gnendom
940 3449 1044 3495 nonnus
1069 3454 1111 3504 est,
1135 3463 1203 3509 eoque
1225 3451 1314 3499 censali

252 3527 307 3558 ram
328 3513 427 3559 moulan
437 3513 518 3559 Latini
528 3515 665 3561 menrtlls'cr
681 3516 766 3575 equites
797 3513 882 3559 tradito
893 3513 992 3560 Ronram
1007 3525 1111 3558 reversas
1125 3517 1165 3558 ost.
1199 3513 1245 3559 Sed
1256 3514 1313 3574 qrrlc

252 3575 369 3625 manoe
386 3576 491 3627 &cenna
509 3578 684 3639 quinquagenta,
696 3580 766 3624 coelos
797 3577 952 3623 discriteum
963 3588 1059 3621 stimme
1073 3576 1159 3622 utilem
1169 3576 1225 3622 duel
1236 3576 1313 3624 nri-e

252 3643 368 3687 trecentos.
796 3641 821 3686 in
843 3642 914 3687 rebus
935 3639 1054 3698 gerendis,
1076 3640 1119 3699 qui
1141 3641 1313 3687 tantummodo

284 3702 299 3751 2
317 3700 618 3764 Qandtnmpplementam]
636 3702 696 3748 Dete
707 3717 763 3751 cum
797 3705 908 3749 hortatus
930 3702 1020 3748 milltes
1038 3703 1069 3747 sd
1087 3715 1139 3747 rem
1163 3701 1312 3764 fortitergo-

251 3764 763 3827 Gronoviovoculemmtlegeqaodrup·
795 3767 896 3811 rendam
917 3766 1000 3812 rtrum
1021 3765 1127 3811 ablentl
1166 3763 1311 3813 omittimus

246 3829 394 3890 Winst-
452 3832 455 3837 ’
795 3829 964 3889 lnelegontism
986 3829 1107 3881 dictionis,
1130 3834 1155 3874 et
1176 3830 1313 3886 gerulum

282 3893 352 3940 SBt
369 3891 485 3951 antpart
503 3888 619 3935 murrae
638 3889 762 3936 odolcm
795 3891 961 3938 odiosevooes.
995 3891 1072 3937 Nobis
1089 3904 1138 3936 non
1156 3892 1311 3939 llbethatlo·

250 3954 295 4017 τα]
321 3956 355 4003 Er
373 3954 489 4015 altipert
507 3952 630 4006 nobilitate,
650 3954 692 3998 sed
713 3967 762 3999 oon
795 3954 1022 4007 larllnreomulno
1039 3956 1146 4001 obsctua
1181 3955 1254 4001 Mens
1268 3955 1311 4002 Ll-

317 4026 398 4076 aete,
409 4019 498 4080 qqupe
515 4014 669 4068 odolemtea
685 4028 763 4075 quum
795 4017 829 4061 vii
844 4030 875 4063 ex
889 4018 996 4076 rellquiis
1007 4014 1059 4079 ejus
1070 4030 1118 4063 noo
1130 4019 1188 4063 satir
1198 4026 1308 4078 apparet,

279 4081 415 4143 .Popfflius
431 4079 563 4130 cumulari·
580 4085 651 4133 esset,
666 4091 694 4123 ac
709 4091 764 4137 pro-
795 4081 1245 4139 uteameprscerlpuserldeamurr
1263 4095 1309 4128 nec

248 4141 415 4193 Memorare
422 4143 476 4206 jem
484 4141 570 4190 setena
794 4142 836 4188 alil
853 4149 962 4188 sonores
980 4139 1103 4189 sd'uvaut.
1136 4143 1228 4191 Lucrum
1250 4157 1310 4204 ergo

280 4202 357 4252 tat
381 4213 486 4253 cmm
512 4205 636 4252 muratos
660 4201 761 4261 discipli-
792 4206 994 4268 muniumreunq
1045 4217 1082 4253 ua

247 4266 315 4331 m]
330 4269 372 4313 Ad
380 4275 480 4316 emota·
498 4268 609 4318 militaro
626 4266 760 4328 urenae
