2942 4750
461 216 858 281 naxancenv.
988 235 1042 261 ⁸-
1161 225 1201 280 89

129 386 268 462 volvem,
283 403 408 465 omues,
423 404 489 447 non
508 388 620 470 gentes
639 382 737 447 modo
752 381 903 460 Gracia,
918 381 973 445 sed
992 381 1131 448 civitates
1150 397 1235 449 et-u.
1247 400 1274 449 n
1286 402 1341 451 stu.

130 472 205 545 iem,
224 469 438 557 legationibus
464 470 637 547 mittendis,
658 468 842 554 pollicendo
868 467 972 552 phura,
995 490 1091 551 quam
1112 467 1236 553 prm-A·
1248 467 1275 514 C*
1288 466 1342 516 ¹⁷⁸

130 554 254 633 stando,
267 555 334 619 sibi
348 554 549 620 conciliabat.
594 555 697 619 Erant
711 567 818 618 tamen
836 574 953 641 magna
974 574 1015 617 ex
1037 567 1126 637 parte
1139 556 1197 620 bo-

128 642 252 705 minum
267 640 461 704 adfavorern
482 643 550 727 ejas
572 640 716 704 inclinati
737 639 845 716 animi,
861 652 893 703 et
914 639 1081 724 aliquanto
1102 662 1197 724 quam

127 727 162 790 in
186 727 370 791 Eumenem
389 727 630 811 propensiores:
653 747 753 810 quum
776 724 928 788 Eumenis
948 724 1113 788 beneficiis
1130 749 1199 790 mu·

126 812 322 898 aeribusque
338 832 448 875 omnes
471 812 610 876 Graecise
631 811 773 875 civitates
795 825 828 873 et
849 810 993 895 plerique
1014 811 1199 895 principum

127 896 261 983 obligati
276 910 400 961 essent:
423 908 456 960 et
476 898 521 961 ita
540 919 574 961 se
592 898 627 960 in
647 917 750 983 regno
765 917 823 960 suo
837 909 970 981 gereret,
987 909 1033 973 ut,
1050 918 1122 981 quoe
1136 899 1198 963 sub

128 983 248 1047 ditione
264 984 341 1067 ejus,
358 982 473 1046 urbee‘
485 981 604 1047 nullius
618 980 728 1045 liberae
749 981 883 1046 cisimus
905 980 1067 1046 fortunam
1089 1005 1197 1047 mum

33 1064 40 1077 ’
128 1078 286 1133 mutatam
301 1067 427 1133 vellent.
448 1082 562 1132 contra
576 1067 790 1132 Perseafama
803 1081 873 1130 erat
894 1081 967 1151 post
992 1069 1091 1152 patris
1110 1091 1197 1133 mor·

126 1164 191 1218 tem
206 1174 345 1218 uxorem
361 1175 458 1218 manu
472 1176 530 1218 sua
543 1153 709 1217 occidisse:
732 1152 891 1237 Apellem,
903 1154 1081 1217 ministrum
1093 1176 1197 1239 qnon-

55 1232 88 1281 0‘
126 1237 355 1304 dem‘fraudis
376 1240 410 1302 in
435 1239 535 1304 fratre
556 1237 709 1318 tollendo,
729 1252 826 1325 atque
850 1239 892 1302 ob
913 1239 946 1303 id
968 1241 1153 1325 requisitum
1177 1264 1197 1305 a

87 1330 92 1339 '
127 1323 282 1408 Philippo
295 1324 338 1389 ud
351 1324 553 1409 supplicium,
569 1324 779 1404 exsulantem,
794 1326 977 1387 arcessitum
1005 1338 1078 1406 post
1098 1326 1197 1409 patris

125 1425 266 1475 mortem
287 1411 470 1496 ingentibus
492 1411 654 1495 promissis
675 1410 716 1473 ad
739 1410 872 1493 proemia
886 1422 983 1473 tantas
1005 1421 1197 1494 perpetratas

126 1496 175 1561 rei
195 1496 281 1561 clam
300 1496 502 1561 interfecisse.
523 1495 681 1559 intestinis
696 1499 716 1530 ¹⁰
725 1496 930 1580 externisque
945 1507 1100 1580 praterea
1113 1496 1197 1560 mul·

128 1581 172 1644 tis
184 1581 325 1646 cedibus
337 1582 498 1659 infamem,
513 1603 574 1645 nec
590 1581 658 1644 ullo
670 1580 956 1645 commendabilem
970 1582 1095 1659 merito,
1112 1604 1197 1667 praa-

128 1665 274 1731 ferebant
286 1666 384 1755 vulgo
402 1668 544 1731 civitates
557 1679 624 1731 tam
638 1666 695 1751 pio
708 1689 784 1754 erga
804 1668 1012 1753 propinquos,
1027 1681 1093 1732 tem
1109 1669 1198 1751 justo

127 1751 163 1815 in
187 1752 278 1829 cives,
295 1763 362 1817 tam
383 1752 537 1829 munifico
558 1775 633 1841 erga
655 1774 764 1816 omnes
782 1752 927 1817 homines
949 1754 1030 1840 regi,
1045 1774 1100 1816 seu
1113 1752 1199 1815 fama

128 1849 161 1901 ct
186 1839 345 1923 majestate
363 1837 580 1904 Macedonum
606 1861 716 1928 regum
740 1841 956 1925 praeoccupati
980 1840 1020 1901 ad
1047 1858 1198 1920 spernen-

127 1923 202 1987 dam
222 1925 379 2011 originem
402 1927 476 1989 novi
501 1925 609 2013 regni3
639 1948 694 1990 seu
719 1926 906 1990 mutationis
933 1945 1040 1987 rerum
1070 1923 1195 2006 cupidi3

127 2020 183 2072 seu
199 2009 275 2093 quia
289 2031 363 2073 eum
378 2010 537 2096 objectum
560 2034 626 2076 esse
643 2012 797 2076 Romanis
819 2010 979 2075 volebant.
1024 2008 1127 2073 Erant
1140 2010 1197 2073 au·

126 2106 191 2158 tem
207 2115 273 2157 non
288 2094 390 2158 AEtoli
400 2097 498 2161 modo
519 2097 551 2160 in
575 2097 792 2175 seditionibus,
809 2108 940 2182 propter
954 2098 1116 2183 ingentem
1131 2095 1197 2159 vim

128 2180 203 2242 aeris
224 2179 330 2255 alieni,
354 2181 409 2244 sed
435 2181 580 2246 ‘Ibcssali
605 2184 719 2248 etiam:
744 2188 762 2218 ¹¹
774 2206 811 2247 ea
832 2194 926 2247 conta
952 2184 1034 2261 one,
1050 2182 1198 2246 velutta·

125 2262 199 2341 bes,
213 2264 247 2326 in
263 2264 481 2329 Perrhaebiam
497 2288 624 2351 quoque
637 2267 671 2330 id
687 2281 865 2349 pervaserat
880 2290 932 2331 ma
945 2289 1011 2331 mn.
1057 2273 1076 2302 ¹²
1086 2267 1199 2341 Qum

131 2346 306 2412 Thessalos
320 2348 355 2411 in
370 2350 467 2413 armis
480 2372 548 2414 esse
562 2352 748 2415 nunciatum
769 2364 828 2425 est,
844 2353 909 2435 Ap.
925 2350 1095 2414 Claudium
1115 2351 1201 2434 lega·

131 2444 205 2497 tum
221 2430 262 2494 ed
278 2451 331 2492 eas
344 2453 396 2493 res
409 2434 626 2512 adspiciendas
646 2436 944 2513 componendasque
964 2448 1091 2495 senatus
1105 2433 1201 2496 misit.

131 2517 213 2593 Qui,
237 2515 405 2599 utriusque
430 2513 526 2597 pertis
576 2513 749 2597 rincipibue
770 2514 939 2600 castigetis,
965 2535 1064 2600 quum
1087 2516 1204 2599 injusto

128 2603 261 2669 foenore
273 2611 438 2686 gravmum
464 2620 509 2661 tes
560 2599 680 2676 ienum,
696 2598 772 2682 ipsis
794 2620 908 2686 magna
922 2620 963 2663 ex
978 2615 1067 2683 parte
1087 2622 1202 2666 conce·

20 2683 31 2708 ⁴
128 2686 290 2763 dentibus,
316 2686 373 2771 qui
397 2697 578 2760 onerarent,
604 2683 746 2761 levasset,
766 2684 846 2770 justi
872 2684 984 2749 crediti
1009 2687 1207 2762 solutionem

130 2778 151 2809 ¹⁸
161 2775 195 2837 in
218 2772 264 2817 *³
278 2791 436 2836 annorum
460 2771 628 2854 pensiones
653 2770 825 2834 distribuit.
871 2770 934 2834 Per
961 2774 1108 2836 eumdem
1132 2776 1199 2858 Ap·

131 2860 222 2943 pium
237 2856 413 2942 eodemque
427 2855 525 2919 modo
538 2857 722 2939 compositae
737 2857 770 2920 in
788 2854 973 2921 Perrhaebia
987 2879 1046 2920 res.
1071 2858 1199 2923 AEtolo·

130 2965 203 3008 rum
226 2964 351 3006 caussas
366 2940 540 3004 Marcellus
554 2941 693 3025 Delphis
713 2941 870 3026 peridem
887 2955 1012 3025 tempus
1029 2943 1199 3008 hostilibus

132 3041 219 3093 actas
245 3028 371 3103 animis,
395 3029 502 3110 '‘quas
534 3027 686 3108 intestino
706 3042 882 3112 ¹gesserant
910 3027 1007 3103 bello,
1037 3030 1198 3113 cognovit.

132 3113 245 3189 Quum
259 3125 414 3176 certatum
435 3113 596 3196 utrimque
617 3115 793 3176 temeritate
818 3126 911 3198 atque
934 3110 1067 3175 audatia
1091 3133 1201 3176 cerue-

131 3212 191 3279 rct,
214 3197 345 3262 decreto
369 3196 497 3282 quidem
523 3217 582 3260 suo
606 3210 753 3261 neutram
774 3210 897 3282 partem
929 3208 985 3260 aut
1008 3200 1121 3275 levare,
1146 3211 1203 3264 aut

5 3307 11 3336 ³
239 3324 316 3370 ‘add
328 3327 400 3370 arent
410 3323 483 3369 Gron.
496 3323 564 3370 Creu.
646 3321 798 3370 dasteriscus
809 3325 877 3370 abest
888 3337 902 3369 a
913 3324 987 3370 Gron.
999 3329 1023 3371 et
1035 3323 1104 3374 Crev.
1192 3329 1194 3336 '

35 3367 47 3396 0

171 3440 380 3499 1⁰⁸1?QO
401 3440 532 3503 pransae]
556 3440 652 3487 Harum
680 3436 736 3501 jam
752 3447 864 3500 corrupte
886 3443 1005 3501 legeretur
1026 3456 1098 3501 quor:
1126 3444 1201 3502 scrip-

135 3511 290 3550 externarum
312 3504 417 3551 catium
445 3505 652 3550 enumerationem
686 3504 745 3549 sisse
756 3510 838 3550 autem
850 3504 948 3552 Livium
959 3506 1024 3564 quast
1040 3507 1146 3553 intestino
1157 3506 1202 3552 bel.

134 3569 209 3615 moes
226 3568 293 3614 infra
311 3569 337 3613 ln
356 3568 464 3614 oratione
482 3567 609 3623 Eumaeum,
629 3582 652 3613 n.
685 3567 714 3613 lo.
748 3567 805 3613 Non
824 3568 890 3613 enim
907 3570 998 3615 bellum
1018 3569 1074 3624 mit,
1092 3572 1138 3615 sed·
1150 3570 1200 3616 fuc-

136 3632 175 3680 13.
683 3631 1202 3693 tionumrabiesGrorsovrus·lnelegans

169 3695 197 3743 11
215 3695 254 3741 Eo
264 3696 410 3759 contagione]
431 3695 497 3756 Lege
515 3707 573 3741 cum
593 3696 653 3741 Gro-
674 3695 710 3740 ‘et
718 3697 848 3741 obscurum
859 3696 1060 3748 additamentum,
1072 3698 1137 3756 qaod
1148 3694 1201 3742 sus·

133 3761 225 3806 notior
242 3764 264 3805 et
274 3760 413 3821 maguae
684 3758 795 3818 Wmur
802 3766 916 3812 mutum
926 3762 957 3804 ab
966 3761 1079 3819 imperito
1094 3761 1205 3811 librarlo,

169 3824 201 3871 12
224 3821 302 3877 Quem
325 3823 442 3869 natator
462 3824 488 3867 ln
509 3823 583 3869 conte
608 3837 655 3871 erse
686 3823 717 3868 ed
733 3822 940 3882 interpretandum
957 3825 1095 3871 membrum
1112 3834 1202 3881 proce·

132 3889 273 3934 nunciatusn
290 3887 335 3950 eet]
356 3888 425 3933 ldem
443 3893 507 3934 recte
524 3893 655 3934 monetes-
687 3887 747 3932 dem
768 3886 885 3932 hostilibus
906 3891 968 3933 actas
985 3889 1077 3933 anisnis.
1111 3886 1202 3930 Sensus

132 3952 196 4011 pont
219 3951 322 3997 debem
352 3949 655 4004 Qum...smusem
687 3951 1201 4008 esttcausaseoerdoreodiorumuctu,

134 4018 201 4060 esset.
687 4025 736 4074 quo
747 4015 767 4059 si
778 4027 827 4060 non
845 4014 919 4066 cives,
938 4016 981 4060 scd
997 4016 1078 4059 hostes
1097 4009 1161 4054 inter
1176 4024 1203 4057 se

169 4076 250 4125 1811·
266 4091 379 4124 summ
398 4078 528 4141 pentano]
552 4079 654 4126 Videtm
685 4079 842 4124 decertarent.
882 4077 951 4123 Nihil
969 4080 1035 4123 ultre
1052 4068 1125 4130 adjici
1141 4087 1203 4134 opus

134 4140 289 4187 intercidisse
299 4154 416 4188 numenio
425 4155 552 4188 annorum
686 4149 738 4189 este
755 4149 780 4188 et
790 4144 887 4188 sublato
896 4142 940 4186 illo
950 4141 1015 4199 quod
1031 4134 1100 4181 nobis
1114 4150 1203 4198 parum

170 4202 203 4250 14
220 4202 283 4257 Quas
304 4205 420 4251 tntum
443 4210 561 4265 gesseram
587 4205 653 4269 nuo]
685 4207 765 4266 plum
785 4207 959 4257 addimento.
979 4202 1073 4270 integre
1093 4208 1118 4248 et
1138 4205 1205 4258 elan

137 4265 263 4326 Summi
280 4268 338 4315 licet
356 4268 383 4315 ei
400 4273 520 4329 Μή
537 4269 655 4317 eddidit„
686 4270 819 4319 mortno·
910 4326 915 4333 ,
1251 4297 1252 4304 .

138 4328 247 4392 mmmm
265 4332 406 4395 mppleudn
427 4329 562 4390 manem,
577 4347 656 4396 quum
809 4361 812 4368 ·
