2942 4750
465 178 530 237 DE
558 178 666 239 AERE
693 178 865 252 Qaavl.
1184 180 1244 242 cvii

148 333 219 436 ligi,
233 336 299 403 aire
312 338 347 405 in
360 332 479 407 assibm
490 362 564 407 vere
577 341 742 409 libralibus
752 343 860 429 priore
875 363 943 408 ero
950 366 960 419 3
983 343 1048 408 sire
1060 356 1170 429 postea
1183 367 1243 411 no·

149 442 238 489 mine
257 436 357 502 tenua,
373 424 415 490 ad
430 427 646 513 usurpandam
667 430 830 494 vetustatis
849 429 1030 527 imaginem,
1050 450 1125 494 cum
1139 432 1244 518 aliqua

151 519 258 571 nmen
277 510 399 575 ratione
420 512 611 579 discriminis
626 514 665 578 ad
682 536 829 579 nummos
849 537 911 578 usu
920 537 989 600 jam
1010 517 1172 580 communi
1193 540 1244 583 re·

150 606 278 677 captos:
301 596 346 659 ita
359 610 406 674 ut,
423 599 476 661 cui
490 599 598 664 decem
618 599 719 665 millia
737 600 842 687 gravis
856 601 928 663 seris
942 600 1061 664 donata
1083 604 1243 688 leguntur,

72 690 83 708 ’
151 678 179 742 is
195 682 366 767 antiquitus
380 683 489 747 decem
503 684 603 749 millia
616 684 772 749 librarum
789 687 861 749 aeris
875 685 1031 770 acceperit
1038 710 1048 763 3
1070 686 1246 771 posteriore
1329 736 1331 739 .

151 785 222 828 aevo
236 789 391 833 summam
412 771 565 852 pecunie,
581 793 654 854 quae
668 771 701 834 id
715 792 832 834 nomen
847 793 886 834 ex
908 793 996 836 more
1017 773 1148 857 antiquo
1169 774 1245 837 reti·
1276 851 1278 855 Ι

151 850 283 930 nuisaet,
299 865 331 917 et
345 876 418 921 vere
433 853 572 918 differret
585 878 605 918 a
618 853 727 918 decem
742 855 882 919 millibus
896 858 1011 921 assium
1027 856 1193 922 leviorum.
1273 928 1278 931 ,

177 1020 185 1034 ι
198 935 278 1003 Huc
297 962 394 1024 usque
408 940 500 1004 nobis
514 962 587 1004 cum
606 940 772 1004 Perizonio
792 943 948 1018 convenit,
964 941 1019 1028 qui
1033 955 1065 1006 et
1078 953 1164 1006 recte
1178 965 1247 1008 sua·
1298 996 1301 1003 .

151 1032 277 1106 pientur
287 1024 444 1088 civitatem
460 1026 635 1109 patriorum
649 1026 866 1090 institutorum
876 1028 1162 1109 retinentissimum,
1173 1040 1247 1112 post

153 1118 314 1172 mutatum
328 1113 400 1174 teris
413 1113 584 1175 nummarii
598 1112 724 1195 pondus
746 1133 882 1176 servasse
895 1124 1001 1176 tamen
1016 1114 1176 1198 antiquam

153 1192 321 1258 cuttiarum
344 1196 601 1260 oestimandamm
623 1197 786 1275 rationem,
809 1199 842 1261 iu
866 1197 904 1261 iis
927 1211 1011 1262 certe
1030 1220 1101 1282 quoe
1120 1198 1187 1283 pub
1198 1198 1247 1263 icc

153 1276 276 1356 fierent,
294 1293 329 1344 ut
343 1283 375 1345 in
389 1282 576 1347 aestimando
589 1282 705 1347 civium
719 1304 826 1359 censu,
841 1283 875 1345 in
890 1282 1073 1347 muneribus
1093 1282 1248 1370 donisque

155 1367 430 1431 senatusconsulto
450 1369 593 1444 decretis,
614 1367 647 1429 in
669 1367 847 1452 colligenda
866 1368 988 1430 ratione
1006 1369 1152 1451 pecuniae
1197 1391 1247 1433 um
1306 1386 1310 1395 ⁴

153 1448 189 1515 in
210 1450 381 1536 triumphis
403 1450 556 1516 ferretur:
580 1454 625 1516 itu
638 1463 674 1514 ut
694 1451 790 1538 longe
811 1454 925 1536 saepius
946 1453 987 1515 sit
1005 1390 1247 1541 intelligendum

153 1555 199 1598 aee
211 1557 309 1621 grave
323 1538 356 1600 in
372 1537 496 1621 scriptis
509 1536 723 1622 antiquorum,
739 1559 834 1620 quam
850 1559 1034 1620 expressum
1049 1539 1215 1622 reperitur.

160 1650 162 1656 2
199 1620 262 1684 Sed
277 1620 439 1707 quodnam
454 1623 591 1705 pretium
602 1622 777 1693 finiendum
792 1622 833 1686 sit
847 1621 934 1685 libris
947 1622 1009 1686 illis
1019 1623 1091 1687 aeris
1106 1635 1177 1705 post
1191 1644 1247 1686 cu·
1256 1634 1295 1680 De
1304 1635 1409 1683 unctu

152 1726 206 1768 sos
229 1728 311 1770 asses
324 1707 475 1787 leviores,
489 1708 522 1771 id
537 1730 613 1771 vero
634 1707 726 1771 nobis
749 1708 794 1771 ita
813 1708 1001 1792 perplexum
1016 1721 1048 1771 et
1062 1707 1246 1807 ambiguum
1255 1699 1400 1772 ΜΨ·

153 1790 289 1868 videtur,
313 1805 347 1856 ut
367 1793 455 1856 lectis
473 1807 505 1857 et
524 1794 660 1857 muitum
681 1794 844 1877 pensitatis
856 1793 896 1856 iis
910 1815 982 1879 quae
997 1792 1167 1856 doctissimi
1188 1792 1247 1855 viri
1257 1764 1409 1887 ἓξὲξ

154 1897 250 1960 super
264 1876 327 1941 hoc
341 1878 469 1965 negotio
479 1879 681 1963 scripserunt,
695 1900 850 1963 usurpare
863 1878 1018 1963 possimus
1028 1878 1106 1943 itlud
1123 1878 1249 1943 Comici

154 1975 277 2044 poetae:
300 1965 429 2031 Fecistis
437 1965 545 2048 probe.
588 1966 742 2029 Incertior
754 1988 827 2042 sum,
843 1988 933 2049 quam
948 1966 1068 2029 dudem.

197 2047 439 2131 Distinguemus
454 2063 559 2115 tumen
575 2050 716 2133 pondera
729 2049 800 2133 ipsa
814 2051 967 2114 librarum
980 2050 1063 2128 aeris,
1080 2072 1152 2135 quae
1166 2072 1249 2114 mer·
1258 2060 1405 2138 hunnus·

155 2132 202 2195 cis
223 2132 293 2196 ioco
313 2133 517 2210 haberentur,
538 2148 570 2198 et
590 2157 633 2196 aea
655 2155 752 2215 grave
773 2134 950 2197 adhibitum
971 2135 1011 2198 ad
1027 2132 1406 2219 concipiendu¹¹⁰⁰t¹⁸⁰⁸‘¹

152 2218 254 2281 ¹reteri
266 2240 356 2283 more
371 2220 577 2303 pecuniarum
596 2238 743 2281 summas.
789 2218 959 2281 Librarum
975 2220 1047 2282 aeria
1061 2220 1170 2302 pondo
1184 2241 1248 2283 non
1258 2190 1407 2313 aba&

155 2302 340 2367 dubitamus
362 2304 440 2390 quin
462 2303 602 2389 pretium
625 2314 774 2383 crescere,
799 2301 901 2366 levato
923 2305 1147 2368 nomismatum
1170 2317 1406 2388 pon-promum

158 2389 244 2487 dere,
259 2388 413 2466 debuerit,
435 2390 532 2475 idque
548 2411 607 2473 pro
623 2389 747 2451 ratione
767 2387 832 2451 fere
852 2388 975 2452 nummi
985 2412 1002 2488 ε.
1017 2389 1103 2474 quod
1119 2401 1152 2453 et
1167 2392 1251 2453 Gro-
1259 2382 1376 2507 ξιξ
1400 2475 1402 2496 Ι

152 2495 255 2538 vnorro
275 2474 455 2542 visumest.
501 2474 578 2538 Hoc
598 2474 682 2538 enim
698 2495 895 2559 concoquere
916 2496 1048 2537 omnmo
1062 2497 1127 2538 non
1143 2497 1252 2560 possu-

158 2581 239 2637 mus,
255 2559 341 2647 quod
364 2562 460 2624 sumit
483 2559 677 2636 Perizonius,
699 2559 853 2623 librarum
875 2560 946 2622 oeria
967 2561 1075 2643 pondo
1097 2561 1253 2625 rationem

158 2645 199 2708 ad
225 2656 393 2733 argentum
419 2661 491 2731 post
519 2645 704 2709 irnminutos
730 2667 813 2708 asses
838 2645 1067 2730 aliquantulum
1097 2646 1255 2711 duntaxat

159 2730 254 2795 fuisse
283 2742 456 2796 mutatam:
489 2731 535 2794 ita
560 2743 595 2795 ut
620 2742 693 2813 post
721 2752 814 2794 cusos
841 2731 1048 2795 sextantarios
1074 2753 1156 2795 asses
1182 2733 1255 2796 duae

159 2818 264 2880 unciae
285 2815 400 2903 signati
415 2816 580 2881 resistenti
595 2815 661 2879 fere
682 2816 913 2880 aestimarentur
929 2819 960 2879 in
980 2829 1123 2903 argento,
1144 2817 1256 2904 quanti

160 2912 230 2966 tote
252 2903 334 2965 libra
354 2924 419 2966 non
442 2902 556 3003 signati
580 2905 672 2966 soret.
717 2901 761 2965 Et
784 2901 1023 2988 augescentibus
1040 2904 1108 2987 jam
1131 2904 1257 2988 imperii

161 3008 235 3051 cum
249 2987 369 3051 ditione
383 2987 509 3063 divitus,
525 2987 595 3051 fieri
609 2988 742 3052 omnino
755 2983 822 3051 non
859 3001 940 3052 otest
954 2987 1030 3073 quin
1046 2992 1169 3074 argenti
1183 3010 1257 3072 pre·

153 3072 241 3137 ,tium
257 3094 298 3136 ex
313 3073 404 3156 copia
425 3070 567 3155 paullum
590 3072 744 3148 cviiuerit,
766 3086 798 3135 et
817 3010 938 3156 abjecta
960 3074 1001 3137 sit
1022 3074 1168 3135 inumanis
1189 3072 1254 3151 illa,
1275 3147 1280 3154 ι

162 3180 236 3243 quae
249 3158 353 3241 primo
375 3158 560 3233 invaluerat,
576 3157 671 3220 unius
686 3157 808 3242 argenti
830 3155 922 3218 librae
935 3178 1008 3220 cum
1030 3155 1117 3219 mille
1131 3156 1204 3220 aeris
1218 3157 1256 3219 li·

125 3254 131 3261 ’
162 3242 228 3307 brie
243 3243 447 3328 comparatio.
479 3241 591 3327 Itaque
606 3241 687 3306 libre
701 3240 848 3303 aet-isnou
864 3238 947 3317 facti,
962 3240 1158 3324 necesignati,
1174 3241 1258 3306 aesti·

163 3329 244 3392 mari
265 3329 400 3405 debebit,
464 3340 493 3391 st
511 3349 604 3391 cusos
625 3326 834 3390 sexturtturios
855 3348 949 3406 asses,
965 3347 1019 3389 sex
1034 3326 1099 3390 fere
1120 3326 1256 3404 assibus;

163 3427 236 3496 post
249 3414 398 3492 unciales,
438 3412 593 3488 uodecim.
638 3412 720 3476 illud
743 3431 820 3496 ergo
836 3432 934 3475 unum
949 3412 981 3474 in
997 3411 1257 3496 disceptationem

164 3511 306 3575 vocatur,
322 3519 460 3584 quonam
475 3501 578 3584 pretio
601 3497 773 3563 taxandum
788 3499 828 3560 ait
842 3520 885 3560 aes
898 3519 993 3583 grave
1008 3498 1040 3561 in
1055 3499 1259 3562 conficiendis

163 3584 368 3669 pecuniarum
380 3585 555 3649 rationibus
564 3597 638 3668 post
648 3604 813 3667 percussos
824 3605 904 3646 asses
919 3582 1050 3648 leviores
1061 3604 1259 3667 expressum,

161 3670 230 3820 lsive
244 3691 339 3754 quam
360 3670 516 3736 sationem
538 3668 617 3733 iilud
633 3679 722 3732 eset
735 3667 888 3750 adesses,
904 3668 992 3733 etad
1011 3683 1179 3756 argentum
1201 3668 1257 3734 ha·

151 3797 157 3808 ·
183 3757 276 3819 uerit.

207 3839 238 3906 Ε
253 3839 355 3903 tribus
370 3862 468 3904 unum
484 3839 601 3903 factum
616 3861 682 3903 esse
696 3840 849 3924 oportuit,
861 3861 976 3922 nempe
991 3848 1027 3902 ut
1042 3841 1090 3901 vel
1105 3861 1148 3901 aes
1162 3860 1259 3920 grave

163 3925 249 4012 puris
271 3924 365 3989 fuerit
378 3948 450 3989 cum
467 3925 587 3989 assibus
608 3927 713 4009 pretii,
727 3927 772 3990 ita
785 3936 822 3989 ut
839 3926 946 3988 decem
965 3925 1037 3986 aeris
1050 3923 1155 4009 gravis
1176 3945 1257 3986 sem-

163 4034 222 4096 per
242 4010 362 4075 fuerint
381 4011 442 4094 ipsi
463 4009 572 4075 decem
591 4032 692 4087 ames3
709 4012 764 4074 -vei
779 4012 836 4076 aeri
857 4009 945 4092 gravi
965 4008 1103 4093 pretium
1125 4011 1258 4074 creuerit

150 4119 224 4181 -pru
238 4097 361 4162 ratione
380 4097 512 4171 nummi,
529 4096 573 4161 ita
588 4109 624 4160 ut
638 4097 746 4161 decem
761 4096 834 4159 aeris
852 4093 958 4181 gravis
971 4096 1167 4158 aestimentur
1184 4116 1257 4160 aex·

164 4183 272 4268 aginta
295 4181 414 4248 essibus
435 4182 644 4258 sextantariia,
665 4195 793 4245 centum
808 4193 840 4244 et
856 4180 967 4267 uiginti
988 4177 1185 4259 uncialibus3
1209 4181 1257 4246 vel

151 4266 298 4354 denique
312 4268 391 4338 eru
404 4267 509 4355 gravis
528 4267 638 4332 eadem
660 4289 783 4351 semper
797 4265 892 4331 fuerit
911 4265 950 4330 ad
975 4279 1142 4354 argentum
1163 4267 1254 4343 ratio,
