2942 4750
433 216 636 277 LIBROR.
658 216 870 277 DEPERD.
1130 229 1190 293 249

31 384 37 396 '
121 393 186 447 tarn
199 381 401 448 etauaritiam
412 384 447 445 im
455 386 603 466 pretorio
613 385 761 450 amoinus
771 392 892 448 enudus
906 392 961 447 est.
1004 384 1048 448 L.
1065 385 1186 470 Philip-

9 468 11 585 l
114 491 180 554 pus
202 471 321 554 legana
346 469 440 534 Sulla
464 468 719 548 Sardiniam,'Q,
733 468 869 534 Antordo
887 478 1021 553 pretore
1040 474 1132 553 pulso
1156 483 1187 537 et
1275 514 1279 521 ·

120 557 226 633 occiso,
240 559 408 640 occupauit.
452 555 540 620 Sulla
554 579 619 621 acm
633 556 755 621 Italicis
774 558 909 639 populis,
923 578 962 619 ne
975 557 1133 622 timeretur
1146 559 1187 622 ab

87 698 93 707 .
119 642 166 719 iis,
192 642 271 707 uelut
295 652 452 727 ereptsous
474 645 630 709 civitatem
644 646 696 706 ”et
709 643 855 730 suffragii
872 642 929 726 jus
953 663 1050 725 nuper
1072 647 1186 725 datum

110 726 217 809 soedsts
223 731 385 811 percussit.
423 729 573 814 Idemque,
586 751 624 793 ea
633 729 756 815 fiducia
768 729 838 812 jam
858 739 949 793 certa
961 731 1109 805 uictoriae,
1124 732 1186 801 liti·

114 826 246 899 gatores,
262 837 283 880 a
303 817 410 899 quibua
430 816 585 892 adibatur,
601 816 776 880 vadimonia
791 816 922 879 Romam
942 817 1064 902 dffme
1075 817 1193 902 jussit„

118 923 211 986 qnacm
225 925 246 963 a
264 912 361 984 parte
382 903 503 966 dinato
521 902 592 966 urbs
605 904 703 966 adbuc
717 912 877 966 teneretur.
919 903 962 966 L.
977 904 1192 988 Damasippus

112 997 239 1071 prator,
255 1011 293 1052 ea
317 990 470 1052 voluntate
489 989 525 1052 C.
541 988 644 1052 Marii
657 989 785 1052 consulis
803 1010 894 1073 qsacm
912 999 1047 1053 senatum
1066 1001 1197 1057 contra-

113 1076 220 1150 aisset,
243 1096 367 1154 omnem,
381 1095 448 1159 qnia
463 1075 497 1148 in
510 1077 582 1138 urbe
600 1085 668 1139 erat
681 1075 872 1139 nobilitatem
892 1077 1067 1140 tuccidauit.
1082 1099 1121 1139 ea
1133 1100 1185 1142 cu·

102 1160 165 1243 jus
179 1181 300 1224 numeru
322 1159 370 1235 Q.
385 1160 511 1225 Mucias
524 1162 658 1227 Scanola
676 1158 821 1245 pontisas
843 1163 993 1233 maritans
1004 1163 1137 1247 ficgiens
1150 1166 1184 1227 in

115 1245 263 1311 vestibulo
276 1248 351 1311 cedis
371 1247 467 1310 Vesta
480 1249 591 1313 occisus
605 1257 660 1312 est.
705 1249 866 1312 Praeterea
887 1247 992 1311 bellum
1015 1270 1037 1311 a
1050 1250 1092 1314 L.
1107 1244 1184 1316 Mu·

115 1355 195 1397 rena
209 1334 352 1398 adverstcs
366 1333 586 1399 Mithridatem
602 1338 636 1398 in
649 1335 724 1399 Asia
738 1342 914 1398 renovatum
928 1335 1068 1398 continet.
1180 1336 1183 1341 “

511 1507 789 1593 LXXXVH.

121 1664 132 1673 ”
161 1660 248 1726 &clla
265 1662 298 1725 C.
315 1656 466 1736 Marium,
482 1663 614 1724 exercitu
627 1659 692 1745 ejus
705 1662 784 1746 fisso
799 1662 953 1746 deletoque
964 1662 1008 1725 ad
1021 1662 1183 1747 Sacripor·

112 1758 188 1825 tum,
206 1749 240 1811 in
254 1748 368 1831 oppido
381 1748 541 1811 Praerteste
549 1745 673 1811 obsedit.
686 1746 788 1811 urbem
798 1749 928 1813 Romam
943 1773 981 1812 ea
995 1749 1183 1812 inimicorum

111 1835 254 1899 manilius
267 1835 389 1917 recepit.
434 1832 575 1896 Marium
586 1854 739 1918 erumpere
748 1845 912 1900 tentantem
925 1836 1046 1917 repulit.
1089 1837 1183 1898 Pra-

113 1934 197 1986 terea
211 1943 258 1985 res
271 1943 293 1984 a
306 1922 418 2006 legatis
431 1919 504 2004 ejus,
519 1922 624 1985 eadem
642 1921 749 2006 ubique
760 1924 895 2007 suntuna
913 1923 1064 2005 portium,
1079 1931 1184 2007 gestas

113 2009 255 2072 continet.

499 2113 798 2197 LXXXVHL

156 2265 243 2331 satta
261 2264 432 2341 Carbonem,
448 2267 611 2326 ”exoratu
639 2262 701 2345 ejzu
718 2264 797 2347 fieso
822 2267 865 2326 ad
891 2265 1032 2340 Clusmim,
1053 2268 1096 2327 ad
1117 2266 1181 2327 Fa-

111 2353 245 2416 oentiam
260 2351 490 2433 bldnttiamque
514 2369 599 2425 caso,
617 2349 715 2411 Italia
741 2352 878 2430 expulit:
901 2370 964 2411 cnm
984 2351 1181 2426 Samnitibus,

111 2439 168 2523 qui
181 2438 242 2499 soli
264 2458 302 2498 ea
314 2435 438 2499 Italicis
446 2434 572 2517 papulis
586 2434 715 2495 nondum
730 2454 821 2495 arara
836 2445 1013 2514 posuerant,
1019 2435 1116 2517 juata
1130 2456 1183 2497 ur·

112 2525 177 2588 bem
193 2523 365 2585 Romanam
380 2529 450 2583 ante
467 2530 589 2602 portam
614 2519 766 2583 Collinam
782 2519 964 2582 debellavit.-
987 2530 1181 2603 recuperato·

110 2632 170 2695 que
191 2609 358 2691 republica,
374 2605 609 2690 pulcherrimam
630 2606 789 2668 victoriam
814 2605 1005 2685 crudelitate,
1020 2604 1183 2690 quautn'in

108 2697 200 2759 mullo
217 2696 368 2757 bominum
384 2690 464 2774 fitit,
490 2692 669 2776 inquinavit.
716 2690 791 2755 Octo
804 2691 902 2755 millia
916 2695 1107 2757 '‘deditorum
1122 2695 1180 2759 ²‘im

30 2833 38 2848 .
96 2783 186 2868 ‚oilla
195 2781 521 2865 publicatuaidanit:
543 2780 678 2842 tabulam
688 2780 926 2862 proscriptionis
929 2780 1056 2863 maed:
1078 2781 1180 2846 urbem

110 2889 148 2933 ac
160 2877 255 2931 totam
269 2867 398 2930 Italiam
411 2866 541 2930 cudibus
562 2864 709 2948 replevit:
734 2866 817 2929 inter
831 2887 906 2949 quas
921 2887 1020 2931 omnes
1034 2868 1179 2934 Pranes-

109 2956 190 3020 tinas
203 2955 328 3016 inermes
340 2955 460 3017 concidi
489 2951 496 2963 ’
528 2952 586 3015 sit:
609 2951 758 3028 Marium,
774 2954 924 3016 senatorii
937 2954 1054 3017 ordinis
1067 2956 1178 3034 airum,

108 3040 247 3106 murina
261 3039 449 3123 brachiisque
471 3040 575 3115 raetis,
590 3037 713 3102 auribus
720 3041 891 3120 praesectis,
903 3049 933 3102 et
947 3041 1061 3127 effossis
1075 3042 1177 3119 oculis,

107 3127 239 3191 necavit.
284 3126 319 3190 C.
337 3125 472 3201 Marios,
497 3127 647 3188 Preneste
670 3124 816 3189 obssessus
835 3126 877 3186 ”a
891 3127 1036 3190 Lucretio
1064 3124 1177 3206 Ofella,

49 3281 57 3298 ,
110 3213 306 3278 Sullanarum
327 3213 464 3295 partium
486 3212 560 3285 uiro,
585 3231 673 3293 quum
692 3231 753 3292 per
776 3212 940 3274 cuaicnlum
951 3220 1090 3294 captaret
1107 3234 1178 3276 eua-

109 3302 192 3377 dere,
207 3308 307 3381 septae
320 3298 359 3360 ab
373 3299 517 3374 exercitu,
534 3298 675 3360 ”mortens
689 3297 749 3360 sibi
762 3299 913 3361 consciuit.
939 3298 973 3360 id
991 3307 1046 3374 est,
1063 3298 1177 3382 inipso

108 3388 257 3461 miniada,
274 3406 362 3468 qucum
375 3384 497 3449 sentiret
510 3406 541 3447 se
555 3384 680 3446 evadere
693 3387 861 3466 nstriposse,
878 3406 942 3448 cum
956 3386 1071 3447 Pontio
1091 3387 1176 3450 Tele-

106 3475 186 3553 sino,
204 3472 299 3555 flagae
321 3473 438 3546 comite,
458 3472 571 3552 stricto
589 3470 741 3552 utrimque
763 3469 885 3553 gladio,
900 3473 1069 3534 concrarit:
1091 3496 1176 3558 quern

71 3591 75 3600 ·
106 3580 199 3646 quum
214 3557 377 3633 occidisset,
393 3557 456 3639 {ase
471 3559 590 3621 saucius
602 3557 769 3639 inpetravit
783 3578 804 3619 a
818 3579 909 3637 seno,
925 3569 958 3622 ut
972 3580 1003 3622 se
1017 3561 1175 3626 occideret.

141 3733 174 3782 22
200 3733 236 3780 Et
256 3732 363 3794 rstffmgil
375 3734 419 3794 jes
437 3747 510 3794 nuper
531 3730 623 3793 datum]
656 3733 681 3780 2.
713 3732 886 3778 Antoninum.

106 3798 168 3852 vid,
177 3804 227 3843 not.
237 3796 623 3858 to.adepis1.xxxlv.suprs
689 3796 721 3844 26
746 3796 770 3843 A
795 3796 904 3844 Lucretio
929 3797 1016 3862 Ofella]
1042 3799 1081 3845 Sic
1105 3800 1176 3857 plane

140 3862 173 3912 23
188 3862 302 3909 Exercitu
317 3863 366 3924 ejus
379 3860 438 3922 fuso
456 3859 486 3906 ad
505 3857 624 3920 crunam]
658 3860 804 3921 Campanus,
816 3869 841 3908 et
860 3864 924 3922 apud
940 3862 1076 3910 Heernium
1087 3861 1178 3906 Pithoe·

107 3926 213 3974 lunense
226 3926 362 3975 Gronovius
373 3939 403 3972 ex
414 3925 507 3984 aliquot
518 3924 589 3971 MSS.
602 3921 628 3971 al
659 3938 694 3970 us.
713 3925 809 3987 Reliqui
825 3925 910 3973 Atella.

690 3990 721 4039 27
750 3989 855 4037 Mortem
873 3991 917 4036 not
932 3988 1056 4035 conscivit:
1084 3985 1109 4032 tt
1130 3987 1176 4052 cst]

137 4055 171 4104 24
184 4052 335 4117 Dcdltarum]
354 4052 435 4112 Magi·
453 4055 557 4113 placeret
567 4067 625 4101 cum
656 4054 792 4102 Gronovius
812 4058 872 4102 duas
883 4055 982 4100 ultimus
1000 4064 1071 4097 voces
1089 4047 1176 4112 adjecit

105 4119 202 4168 Pithoeo
219 4121 284 4180 apud
297 4118 434 4165 Hosrntum
452 4119 531 4178 legere
544 4118 625 4166 utut.
656 4132 686 4165 ex
702 4119 848 4180 quibusdum
864 4117 966 4175 scriptis.
991 4115 1053 4180 ,Nos
1074 4114 1176 4163 libenter

106 4186 206 4231 starum
656 4185 828 4230 mentiremur
844 4180 942 4240 Sigonio
963 4182 1017 4227 haee
1033 4180 1115 4228 omnia
1136 4183 1178 4229 de.

139 4248 172 4296 ts
188 4248 287 4295 Inatlta
298 4247 403 4312 psalten]
420 4246 524 4309 Egregia
535 4246 626 4308 Stgonii
657 4247 726 4302 lenti,
745 4249 781 4293 itu
802 4253 829 4295 ut
848 4247 954 4304 legatur:
971 4248 1048 4306 septus
1065 4247 1093 4295 ab
1112 4261 1177 4295 exer·

104 4313 232 4368 munatio,
252 4314 308 4360 nixn
329 4313 467 4359 auctoribus
488 4312 627 4373 Augustino
657 4313 714 4367 citu,
726 4313 751 4358 lm
763 4313 812 4372 ursa
821 4307 932 4358 cunfflllo·

104 4376 481 4434 &cumcunl-ideum-
497 4375 624 4425 Meum
725 4393 728 4400 ’
