2942 4750
615 454 1056 543 ¹FRAGMENTUM

714 680 841 734 letl
868 680 955 734 xc1.

435 877 1232 1027 ursuonrsnnrn

470 1204 475 1221 ι
573 1121 692 1189 ’ΤΙΤΙ
715 1121 833 1186 LIVII
857 1117 1097 1187 PATAVINI.

292 1476 491 1577 ΙΝΟΟΤΕ
509 1518 614 1571 temen
642 1486 829 1592 insequenti,
855 1502 944 1586 'ipso
968 1500 1186 1587 pervigilante,
1207 1498 1243 1561 in
1267 1498 1380 1564 eodem

286 1594 359 1658 loco
373 1593 435 1658 alio
448 1592 585 1656 excitata
599 1593 694 1655 turris
707 1590 811 1675 prima
825 1588 897 1652 luce
912 1587 1064 1651 miremio
1077 1584 1220 1667 hostibus
1234 1585 1317 1649 fuit:
1339 1585 1380 1647 ei·

288 1678 355 1745 mul
381 1689 414 1742 et
432 1677 543 1763 oppidi
556 1676 663 1755 turris,
684 1697 757 1761 quae
776 1673 948 1738 maxinmm
968 1668 1244 1758 propugnaculum
1266 1668 1379 1749 iuerat,

320 1850 527 1913 llimgsnestum.
560 1847 676 1913 Egregios
690 1847 819 1892 laborese-
850 1850 901 1889 tem
918 1839 971 1889 e'us
985 1843 1064 1899 adhuc
1080 1842 1233 1894 accendebat,
1244 1841 1311 1897 quod
1327 1846 1379 1898 pu
1440 1874 1442 1877 .

286 1902 819 1974 rmcmrujmmnmrcoctneoen-
851 1902 1380 1956 mnvnnmmennnuesncnn,ur

195 1994 201 2007 ⁵
285 1976 417 2027 diebibliis
429 1975 553 2025 Hebraicis
561 1972 819 2035 lnpdsreruminprio·
851 1969 1190 2029 loqurrntur,cbsractsse,ac
1202 1967 1307 2025 mdc
1319 1966 1380 2011 snti-

285 2036 312 2082 r‘e
327 2038 407 2085 'faciti
423 2034 528 2081 editione
543 2034 615 2080 Tum.
625 2034 673 2080 111.
690 2048 746 2095 pug-
763 2034 818 2081 567.
851 2033 976 2093 quinimo,
987 2032 1073 2078 inisset
1086 2032 1264 2078 otim-exuam
1297 2030 1379 2075 Aedem

284 2108 332 2147 nee·
339 2102 395 2145 tum
405 2108 460 2157 spes
471 2097 520 2143 tuit
530 2093 572 2142 eos'
581 2099 607 2142 in
616 2096 733 2143 Romanor
744 2098 819 2143 ltiato·
851 2100 908 2156 crgo
918 2097 1045 2145 oculorum
1055 2095 1208 2147 intendit,'ut
1222 2090 1338 2137 extritam
1352 2092 1381 2136 ii·
1452 2101 1458 2117 ⁸

285 2160 592 2215 deutliutmcosurcs.
627 2160 819 2207 luumentetier
851 2160 901 2205 ism
912 2159 977 2204 Livii
987 2154 1380 2217 partemqunntaposaetpe'srffi

284 2225 468 2275 remunero
479 2224 700 2287 cmrigtccumct
712 2223 746 2268 v·
757 2223 819 2270 Peu-
851 2224 986 2271 adnuet
1002 2222 1280 2281 ὕψωμα-ιε
1295 2218 1380 2269 duct

285 2286 526 2339 luancobusBruns
533 2286 679 2333 Vaticanum
687 2287 818 2337 Bibliothe·
851 2288 925 2333 beret.
959 2284 1031 2331 illam
1042 2292 1125 2344 postca
1143 2283 1288 2333 annol'l'ls
1305 2283 1379 2328 Ham·

285 2366 340 2400 cum
352 2364 416 2399 anno
427 2349 498 2399 lm
514 2350 637 2405 inviseret,
649 2351 761 2411 antiquos
777 2351 820 2410 qui
851 2351 921 2410 burgi
932 2349 996 2409 typis
1013 2348 1102 2395 edidltr
1119 2349 1221 2395 conlisus
1233 2344 1380 2400 nondefote,

285 2418 320 2464 ibi
330 2418 487 2466 amoventur
498 2428 572 2462 sama
581 2415 711 2474 Scriptores
725 2415 819 2462 codices
851 2415 893 2473 qui
901 2413 1127 2473 praestantissimum
1135 2412 1253 2458 Romane
1261 2416 1287 2455 ct
1296 2410 1381 2470 Hispo·

285 2481 442 2534 immaturus,
453 2486 482 2526 ut
497 2479 583 2538 studiis
594 2477 630 2525 cl.
642 2478 772 2526 liennioott
782 2479 819 2523 in·
851 2491 890 2528 nse
908 2477 1060 2535 ontiqtritatis
1077 2481 1266 2524 monumentum
1285 2487 1331 2533 μυ
1346 2474 1379 2520 rei

285 2543 400 2589 serviret:
426 2542 495 2588 Dum
515 2541 581 2587 eninr
605 2554 646 2586 eos
670 2543 818 2595 recensebat,
851 2541 968 2602 gravitate
977 2541 1130 2586 illustrarent.
1164 2539 1298 2596 Exemplar
1307 2539 1380 2584 iiam·

285 2606 322 2651 illi
333 2607 428 2652 oblutus
442 2611 480 2650 est
495 2606 570 2651 codex
586 2604 697 2658 Latinus,
709 2604 819 2663 designa·
844 2605 975 2664 'burgienoe
996 2602 1116 2658 editionis,
1136 2602 1247 2649 Londino
1268 2601 1378 2654 missum,

286 2675 326 2715 tus
338 2669 389 2714 Ni’.
400 2667 439 2716 rt
450 2669 477 2713 in
487 2668 636 2714 Bibliotheca
646 2667 819 2712 Palatino-Va·
851 2675 945 2721 nectua,
956 2668 1016 2712 illud
1028 2667 1110 2711 rtatim
1121 2673 1146 2712 et
1158 2666 1331 2724 Supplemeoto
1341 2676 1380 2710 ex·

285 2733 376 2786 licens,
387 2733 430 2791 qui
440 2732 513 2777 libros
523 2730 616 2784 Tobire,
627 2729 684 2775 Jobi
694 2735 719 2774 et
730 2729 819 2775 Esther
850 2731 923 2790 plevi,
935 2736 959 2775 et
970 2729 1143 2781 adnotationes,
1155 2729 1242 2788 quibue
1258 2740 1320 2786 opus
1328 2735 1377 2772 eret

285 2796 497 2853 complectebstur.
510 2792 731 2839 AnimadvertitCl.
739 2794 819 2838 Bruns
850 2793 957 2839 maxime
964 2794 995 2838 ad
1004 2799 1109 2838 veterem
1118 2791 1294 2852 Geogrsphiom
1305 2790 1378 2848 expli·

284 2858 394 2902 codicem
409 2857 480 2901 illurn
496 2869 548 2902 esee
562 2870 593 2901 ex
606 2870 691 2902 eorum
707 2868 817 2908 numero,
851 2856 1055 2909 mndemmddidt
1078 2854 1131 2900 Nec
1138 2854 1377 2900 mmenrneamhane

302 2932 354 2971 uos,
375 2923 402 2962 ut
417 2924 516 2961 utamur
532 2919 687 2961 Ciceroniono
702 2920 775 2970 verbo
792 2919 818 2961 in
850 2921 953 2977 opellsm
962 2924 1016 2963 tum
1023 2919 1049 2964 in
1057 2917 1137 2963 iucem
1145 2917 1223 2972 emisi,
1231 2917 1376 2975 quodratius

285 2933 443 3040 {pletolisad
457 2977 597 3023 Familiares
607 2977 668 3024 vll.
682 2977 818 3047 18.‚'uppel·
851 2983 962 3040 durnerim
980 2981 1048 3026 illum
1066 2994 1123 3026 cum
1140 2983 1215 3026 sltem
1236 2981 1281 3025 hsc
1300 2978 1377 3025 'inciti

285 3045 336 3090 lere
351 3056 479 3103 possumus
495 3042 671 3101 palimpsestoc,
683 3042 708 3087 id
724 3041 761 3088 esi
774 3043 818 3089 ite-
851 3043 956 3091 cudone
966 3041 1118 3105 conjungere.

285 3121 342 3154 rum
350 3107 458 3166 scriptos.
491 3099 587 3164 Nempe
598 3105 751 3164 percimonioe
762 3120 818 3153 cru·
882 3105 903 3153 2⁴
918 3108 966 3153 Titi
977 3106 1049 3152 Livii.
1082 3107 1161 3152 Tanta
1171 3114 1208 3153 est
1224 3108 1289 3166 apud
1300 3108 1378 3152 litua·

286 3183 322 3225 so,
333 3176 358 3216 et
368 3172 399 3216 ob
415 3170 611 3215 membranarum
627 3169 761 3222 raritatem,
776 3184 819 3216 aa·
850 3183 905 3220 rnm
920 3176 945 3216 et
961 3170 1067 3216 hierone
1081 3170 1170 3229 peritos
1186 3169 1215 3214 Τ.
1229 3170 1292 3215 Livii
1313 3182 1378 3215 eom·

286 3234 410 3294 tiquorum
420 3233 536 3278 librorum
545 3233 664 3290 scripture
671 3233 768 3291 pumice
777 3233 818 3279 de-
850 3235 982 3286 mendatto,
989 3240 1017 3278 st
1025 3247 1150 3280 sununum
1160 3234 1192 3278 ait
1199 3234 1310 3280 omnium
1318 3233 1379 3278 deri·

284 3297 388 3351 lebetur,
398 3296 539 3354 extritisque
549 3295 596 3340 iiiia
605 3295 753 3340 membranis
761 3298 819 3341 novi
850 3297 954 3350 derium,
971 3297 1037 3354 quod
1056 3309 1144 3355 magna
1161 3298 1306 3355 scriptorum
1324 3292 1376 3356 ejrts

285 3360 342 3404 libri
362 3360 559 3404 inscribebantur.
597 3358 671 3404 Porro
697 3371 754 3404 cum
781 3360 816 3404 ct
850 3365 1029 3418 partccoreant
1063 3359 1285 3418 Superioresrrculo
1294 3372 1377 3419 quem-

286 3421 366 3467 llruns
377 3422 503 3474 inTohioe,
512 3419 569 3465 Jobi
579 3427 604 3466 et
613 3422 700 3467 Esther
711 3421 818 3467 codicem
850 3422 982 3467 munimem
994 3421 1104 3467 lotitiam
1120 3423 1149 3467 iis
1163 3423 1245 3468 attulit
1254 3423 1389 3468 Johmner

285 3484 417 3537 incidisset,
436 3496 540 3542 eumque
562 3485 722 3542 palimpsestis
741 3497 818 3529 mem·
851 3485 965 3540 Horrion,
984 3485 1107 3531 Societatis
1123 3486 1191 3539 Jesu,
1214 3498 1271 3532 cum
1289 3486 1376 3532 lfhrnm

285 3547 366 3593 branis
380 3551 489 3591 constare
504 3546 708 3603 deprehendisset,
720 3548 819 3593 curiori·
850 3559 953 3593 xxxur.
970 3547 1000 3591 Τ.
1012 3547 1084 3601 Livii,
1097 3562 1170 3608 quem
1186 3549 1212 3593 in
1229 3549 1376 3595 bibliothece

285 3614 336 3654 tate
356 3622 400 3655 suo
418 3608 520 3667 dignum
536 3615 605 3653 ratus
622 3615 659 3653 cst
676 3623 731 3668 quie
750 3611 817 3669 prius
851 3611 964 3657 Ecclesiae
975 3611 1123 3658 eamedmlis
1134 3613 1276 3671 Bombergae
1286 3625 1378 3672 repere·

284 3673 381 3719 merant
398 3672 487 3730 scriptu
504 3672 530 3716 in
549 3671 675 3731 fugacibus
692 3674 817 3719 literarum
849 3681 895 3726 rat,
907 3673 1059 3720 Poterbornre
1070 3676 1145 3721 edidit
1155 3688 1219 3721 anno
1231 3674 1301 3721 tell.
1317 3677 1376 3722 Pera

284 3736 392 3796 vertiglis
418 3735 570 3792 investigare.
603 3735 745 3782 observavit
768 3738 817 3794 pri-
849 3737 903 3782 libri
914 3749 970 3783 xer.
987 3736 1042 3782 licet
1052 3740 1150 3798 exigua,
1162 3751 1236 3796 quam
1247 3738 1283 3784 ct
1296 3739 1376 3786 Brnus

203 3833 209 3844 .
284 3800 392 3844 mumin
408 3798 492 3843 inultis
508 3799 704 3844 membranorum
718 3801 816 3845 illorum
848 3812 925 3858 nuper
935 3800 1027 3846 invenit
1041 3801 1067 3847 in
1084 3801 1232 3847 Bibliotheca
1243 3801 1373 3854 Vrticm,

284 3861 379 3922 paginis
401 3862 501 3920 scriptae
522 3861 581 3906 olim
603 3860 676 3906 inisse
696 3862 816 3908 Ciceronis
847 3863 990 3908 indurtriam
1007 3864 1161 3910 exstimulnre
1176 3865 1318 3924 animosque
1332 3867 1376 3911 od·

284 3925 413 3978 orationes,
433 3936 493 3983 quos
511 3923 575 3984 typis
596 3924 673 3969 editos
691 3926 815 3970 hebemus.
848 3927 903 3971 dere
914 3928 993 3980 debet,
1005 3934 1033 3971 ut
1044 3928 1247 3973 bibliothecarum
1258 3929 1380 3987 soruliip·

284 3987 374 4033 Oculos
384 3983 436 4048 ejus
446 3986 539 4047 mnus
549 3985 652 4033 detinuit
667 3987 753 4033 titulus
763 3989 817 4034 aliis
848 3990 916 4048 sique
926 3990 1019 4036 codices
1029 3991 1179 4050 palimpscsu
1194 3991 1378 4051 diligentissmrs

284 4051 432 4097 menbrenls
442 4050 605 4095 minuumimo
615 4051 751 4098 charactere
759 4064 815 4096 exa·
847 4052 1013 4110 inspiciantur,
1024 4055 1125 4113 nequid
1136 4054 1215 4100 adhuc
1224 4056 1298 4100 iateet
1309 4067 1379 4115 mag·

283 4119 351 4158 ratus
361 4123 419 4160 nro.
435 4123 492 4161 xer,
510 4123 581 4161 τιτι.
598 4123 679 4163 ιινιι.
712 4114 814 4159 Librum
846 4127 879 4160 ns
890 4128 948 4161 cum
962 4116 1033 4162 laude
1049 4123 1074 4162 et
1089 4118 1200 4162 omnium
1216 4117 1379 4177 permaneus

284 4175 350 4219 enim
371 4176 442 4221 illum
463 4177 489 4220 in
511 4174 562 4221 Titi
583 4175 648 4222 Livii
668 4176 814 4223 editionibur
845 4178 1023 4237 proferendum.
1041 4179 1081 4225 Ne
1089 4181 1209 4226 veteribus
1216 4181 1315 4239 quidem
1323 4180 1380 4226 Mo·

284 4236 366 4294 oens
375 4243 527 4307 compertum
539 4240 649 4294 munst.
682 4240 813 4296 cuum
845 4241 947 4289 nanum
957 4243 1111 4294 arcumen
1126 4244 1295 4294 munuum
1311 4245 1380 4291 vna
