2942 4750
264 221 321 274 88·
668 212 774 272 TlTl
804 213 937 272 Lrvtl

103 396 131 441 u.
144 393 237 443 cera
260 400 361 464 prope
382 380 536 444 diruisset.
580 377 759 439 Detractum
781 378 895 439 culmen
915 376 1035 459 templo,
1058 378 1207 440 midotmn
1228 380 1336 439 tectum

104 461 173 507 Μ·
188 461 375 549 ¹⁷⁸¹potere
394 466 536 529 inalrribmr
553 459 826 543 putrefaciendnm.
849 483 1009 537 censorem,
1037 463 1166 526 mariba
1193 462 1338 545 regendis

267 561 409 629 creatum,
424 551 475 612 cni
488 550 497 579 ⁴
508 554 593 609 sarto
613 553 692 607 tecto
714 547 839 628 erigere
858 548 952 611 sacris
966 548 1109 629 publicis,
1125 558 1156 610 et
1168 550 1235 610 loco
1250 555 1337 608 tuen·

268 639 321 715 da,
344 657 425 699 more
445 631 592 713 majoma
613 630 761 694 traditum
782 641 874 707 esset3
907 654 972 696 enm
994 655 1056 715 per
1078 635 1225 697 sociorum
1248 631 1338 695 nrbes

269 726 433 787 dimentem
449 717 571 797 ternplo,
583 716 808 800 nudarttemque
817 727 897 781 terto
906 720 1017 781 redium
1030 741 1198 796 sacramen,
1208 717 1321 801 rugari
1326 742 1338 777 .·

212 864 219 875 .
269 819 309 884 et,
325 806 414 888 qood,
430 803 460 864 a·
473 802 653 882 imprimatis
666 804 812 865 sociorum
823 805 1101 886 aedifiriisfaceret,
1116 806 1277 887 indignum
1290 806 1338 865 oi·

270 893 457 969 dampnaret,
473 888 530 949 ³id
544 886 646 950 Derim
658 889 865 951 inmortalium
875 891 991 970 templa
1000 892 1205 952 demolientem
1211 886 1356 970 facere:-

270 987 300 1040 et
320 974 522 1055 ‘obstringere
544 974 691 1055 religione
711 976 862 1055 populum
885 974 1066 1049 Romamn
1089 975 1189 1036 ruinis
1217 976 1342 1054 tenzplo-

268 1081 335 1124 rmm
350 1060 464 1141 templu
477 1057 695 1138 eedrflcontem:
718 1069 871 1140 tamqnam
893 1080 953 1121 non
974 1061 1066 1121 iidem
1086 1060 1197 1142 ubique
1211 1060 1275 1121 Dii
1289 1059 1351 1121 im,
1439 1050 1446 1067 ’

269 1147 413 1208 mortnlm
432 1147 505 1219 aiut,
529 1145 583 1206 sed
604 1143 705 1224 spoliis
726 1144 859 1206 aliorum
884 1146 945 1206 alii
966 1147 1081 1207 colendi
1105 1146 1338 1226 eanmundiqne.

271 1229 394 1306 Quum,
412 1229 594 1314 priusquam
614 1227 795 1304 referretur,
811 1228 988 1311 adpareret,
1005 1229 1083 1314 quid
1106 1231 1260 1295 sentirent
1277 1227 1340 1291 Pa-
1384 1220 1414 1263 ⁸·

271 1331 346 1392 tres,
363 1316 514 1378 relatione
530 1313 624 1390 facta,
648 1314 682 1376 in
708 1336 804 1377 unam
828 1336 938 1377 omnes
960 1317 1146 1378 sententiam
1175 1316 1288 1391 ierunt,
1302 1326 1341 1377 ut
1380 1317 1384 1325 '

109 1423 202 1468 neum
210 1418 264 1481 jus·
271 1402 324 1466 hae
333 1399 450 1487 tegula·
465 1399 667 1483 reportandae
683 1401 716 1462 in
731 1399 885 1482 templum
901 1399 1093 1481 locarentur,
1104 1400 1341 1484 piaculariaque

110 1492 256 1533 ⁸¹²th
271 1488 393 1554 Junoni
415 1486 538 1549 fierent.
585 1482 673 1561 Quse'
698 1486 740 1549 ad
766 1484 950 1572 religionem
974 1488 1144 1569 pertinent,
1166 1508 1239 1549 curn
1262 1506 1341 1548 cura

271 1573 373 1638 iacta:
396 1574 518 1669 tegulas
540 1570 664 1633 relictas
690 1573 724 1633 in
751 1593 823 1634 area
847 1571 967 1654 templi,
984 1572 1060 1655 quia
1085 1571 1341 1653 reponendarum

272 1681 369 1725 nemo
392 1654 507 1719 artifex
531 1656 613 1719 inire
626 1656 782 1721 rationem
807 1657 954 1740 potuerit,
979 1656 1194 1722 ⁷redemtores
1210 1657 1341 1720 nuncia·

274 1758 363 1813 runt.
752 1761 762 1796 t

319 1833 378 1897 IV.
402 1832 455 1897 Ex
477 1829 676 1917 praetoribus,
692 1830 747 1914 qui
770 1830 802 1893 in
826 1829 1004 1914 provincias
1027 1832 1140 1912 ierant,
1162 1829 1205 1892 N.
1222 1826 1342 1893 Fabius

275 1918 431 1983 Massiliae
446 1919 589 1994 moritur,
606 1938 704 2002 quum
720 1918 753 1978 in
769 1916 946 1980 citeriorem
965 1916 1153 1999 Hispaniam
1171 1916 1239 1978 iret.
1277 1913 1344 1977 Ita·

275 2026 348 2089 que,
365 2025 464 2087 quum
486 2004 519 2067 id
540 2005 726 2066 nunciatum
749 2026 769 2065 a
792 2001 1041 2065 Massiliensibus
1063 1999 1174 2085 legatia
1189 2011 1278 2076 esset,
1294 2019 1343 2062 ae-

276 2101 368 2153 natus
382 2089 534 2166 decrevit,
548 2100 586 2151 ut
601 2088 640 2151 P.
656 2087 771 2151 Furius
794 2100 826 2150 et
849 2087 911 2150 Cn.
929 2084 1090 2160 Servilius,
1106 2085 1222 2167 quibus
1236 2105 1345 2147 succe·

275 2175 420 2252 debatur,
438 2176 521 2237 iuter
536 2195 569 2237 se
583 2174 782 2249 sortirentur,
794 2185 865 2234 uter
874 2171 1052 2234 citeriorem
1064 2169 1254 2252 Hispaniam
1270 2189 1348 2251 pro-

274 2272 388 2346 rogato
414 2260 549 2344 imperio
569 2259 735 2323 obtineret.
782 2259 879 2319 ‘Sors
904 2271 1085 2340 opportuna
1109 2252 1188 2333 fuit3
1218 2254 1255 2317 P.
1281 2252 1347 2317 Fu-

276 2347 343 2410 rius
369 2344 464 2423 idem,
491 2346 580 2431 cujus
606 2365 644 2408 ea
665 2343 830 2428 provincia
849 2341 962 2416 fuerat,
989 2356 1175 2405 remaneret.
1220 2337 1345 2403 Eodem

277 2455 373 2509 anno,
395 2453 494 2516 quum
517 2432 587 2518 agri
610 2430 774 2515 Ligustini
799 2442 831 2492 et
846 2427 976 2506 Gallici,
992 2428 1078 2511 quod
1105 2424 1191 2489 bello
1216 2438 1346 2508 captum

277 2528 357 2593 erat,
383 2517 581 2599 aliquantum
607 2527 744 2591 vacaret,
770 2515 1076 2577 senatusconsultum
1102 2509 1232 2587 factum,
1260 2521 1297 2573 ut
1319 2510 1347 2573 is

278 2622 355 2686 ager
366 2601 483 2660 viritim
498 2600 704 2660 divideretur.
750 2597 956 2659 Decemviros
971 2597 1004 2658 in
1021 2619 1091 2661 eam
1107 2618 1174 2660 rem
1193 2618 1234 2658 ex
1255 2616 1348 2659 sena·

279 2682 475 2747 tusconsultn
490 2681 608 2744 creavit
623 2681 665 2741 A.
677 2679 794 2742 Atilius
814 2692 932 2762 praetor
947 2681 1097 2758 urbanus,
1114 2681 1165 2745 M.
1181 2678 1349 2744 AEmilium

263 2777 267 2784 '
280 2765 453 2850 Lepidum,
471 2764 510 2827 C.
528 2764 684 2841 Cassium,
697 2763 740 2828 T.
750 2763 916 2827 AEbutium
929 2766 1058 2845 Carum,
1075 2768 1113 2831 C.
1128 2764 1347 2844 Tremellium,

282 2853 323 2917 P.
339 2851 522 2913 Cornelium
539 2849 638 2911 Ceth·
660 2869 726 2924 um,
742 2847 785 2923 Q.
797 2861 829 2913 et
843 2849 881 2913 L.
898 2852 1084 2935 Appuleius,
1101 2851 1151 2915 M.
1169 2851 1348 2930 Coeciliut'n,

284 2938 324 3003 C.
351 2935 528 3015 Salonium,
552 2934 589 2998 C.
606 2869 801 2997 Minatium.
846 2936 1052 3000 'Diviserunt
1075 2937 1159 3000 dena
1177 2938 1291 3022 jugera
1314 2938 1348 3000 in

282 3022 436 3110 singulos,
458 3021 550 3084 sociis
576 3019 713 3081 nominis
740 3019 848 3083 Latini
868 3034 966 3084 terna.
1013 3023 1076 3086 Per
1103 3021 1186 3084 idem
1213 3035 1349 3106 tempus,

284 3131 349 3195 quo
367 3107 441 3184 ,haec
459 3104 646 3192 agebantur,
662 3103 757 3191 legati
780 3126 820 3168 ex
836 3104 958 3169 AEtolia
974 3108 1109 3170 Romam
1132 3119 1289 3171 venerunt
1307 3107 1350 3171 de

283 3193 449 3258 discordiis
470 3189 741 3276 seditionibusque
760 3190 836 3270 suis,
852 3206 884 3255 et
906 3189 1052 3256 Thessali
1073 3192 1179 3279 legati,
1196 3193 1351 3257 nuncian-

283 3293 340 3356 tes,
358 3299 430 3361 quse
446 3276 479 3338 in
494 3274 686 3339 Macedonia
698 3290 893 3360 gererentur.

123 3387 277 3439 mmm.
331 3363 370 3428 V.
394 3362 536 3442 Perseus,
548 3363 616 3450 jam
638 3360 757 3425 bellum
782 3361 855 3424 vivo
875 3376 965 3446 patre
988 3365 1162 3451 cogitatum
1187 3365 1220 3426 in
1243 3362 1352 3426 auimo
1422 3365 1429 3382 ¹

122 3454 277 3502 mesereco-

123 3518 243 3630 fflffl
318 3559 335 3606 4
350 3560 421 3606 Smta
432 3558 501 3621 mla]
519 3558 576 3605 vid.
589 3565 639 3605 not.
655 3560 687 3606 ad
698 3559 800 3607 XXIX.
834 3560 940 3606 Videtur
954 3562 1084 3619 legendum
1102 3594 1109 3608 .
1125 3593 1132 3607 .
1142 3560 1206 3623 suit,
1218 3566 1245 3607 nt
1256 3560 1287 3606 P.
1299 3560 1350 3607 Fu·

286 3625 327 3673 87.
834 3625 901 3669 rias:
924 3626 989 3683 quod
1005 3623 1114 3672 Pithoeus
1132 3629 1198 3686 apud
1215 3626 1352 3674 narnium

319 3687 382 3734 61d
397 3684 465 3733 daim
480 3687 647 3734 immortalium
665 3689 749 3749 templo
766 3687 803 3734 de-
835 3694 926 3733 monet.
959 3688 1015 3733 Sors
1030 3694 1157 3747 apportem
1168 3691 1231 3752 suit,
1246 3689 1353 3736 dumita

286 3752 415 3799 molientem
440 3750 532 3813 socero]
560 3751 617 3797 Vox
649 3752 804 3798 denmlicnm
836 3765 888 3797 rem
905 3753 1030 3810 transegit,
1042 3756 1068 3796 nt
1079 3753 1110 3800 P.
1122 3754 1213 3799 Furius
1229 3753 1297 3806 idem,
1314 3765 1355 3797 co·

288 3829 337 3862 non
358 3820 437 3861 exstat
459 3815 484 3860 in
507 3816 586 3873 prima
606 3816 720 3870 mitione,
742 3822 805 3861 teate
829 3816 905 3875 jussa
913 3816 1034 3873 prouincia
1044 3814 1136 3876 suerat,
1147 3819 1281 3863 remanent

279 3880 403 3926 *Hearnia
438 3879 500 3925 Sane
511 3879 588 3938 magia
604 3880 726 3938 placeretr
744 3879 770 3924 id
780 3880 805 3923 tn
869 3879 884 3924 9
900 3880 1038 3924 Dtntrcraat
1055 3882 1113 3926 dene
1127 3884 1216 3942 jugera
1232 3882 1257 3924 tn
1273 3879 1355 3938 ringa-

287 3943 355 3990 derlm
366 3942 531 3988 immortalium
544 3943 633 4001 templis
637 3941 724 4001 facere.
836 3939 882 4002 los]
899 3941 948 3994 Qui
963 3943 1028 3988 cirea
1045 3944 1149 3990 Romani
1165 3950 1253 3990 essent.
1286 3942 1356 3987 Cete-

320 4006 516 4064 vorassem
551 4005 662 4064 relig-ioue
693 4005 807 4064 malam
838 4018 893 4050 rum
905 4006 946 4051 vix
957 4012 1003 4060 est,
1015 4013 1103 4053 utnon
1122 4009 1162 4054 hic
1181 4006 1296 4053 exciderit
1313 4006 1358 4051 ali·

289 4068 433 4131 Romanam
451 4065 573 4128 subjicere
584 4068 702 4126 populum
718 4067 808 4113 Rome·
838 4069 904 4127 quid.
943 4070 1035 4117 Debuit
1056 4073 1122 4117 enim
1145 4073 1252 4129 prosecm
1272 4069 1358 4115 Livius

290 4144 350 4177 num
361 4147 439 4192 poenae
450 4132 595 4177 violatarum
606 4131 759 4189 religionum.
839 4133 932 4185 dooere,
945 4141 1050 4193 quantus
1061 4148 1177 4182 urmrems
1188 4135 1280 4180 civium
1290 4132 1357 4178 Lati·

323 4194 338 4239 'l
355 4194 528 4257 Redemptorer]
540 4192 808 4254 liquitegulaarepor·
840 4208 975 4256 normaque
985 4198 1012 4243 tu
1027 4211 1112 4244 eorum
1131 4211 1245 4258 agrorum
1263 4207 1358 4254 pom·

291 4257 377 4302 modas
387 4259 559 4304 eonduxerant.
711 4280 718 4293 ·
838 4259 930 4305 sionem
947 4261 1036 4308 misma
1051 4261 1090 4307 sit
1124 4260 1177 4308 Nee
1195 4260 1265 4307 tacite
1284 4259 1356 4304 nohis

323 4317 804 4385 armsoppmmsmsmurta]
837 4324 1359 4390 persmdemmidabeopretermtwum.
