2942 4750
482 124 1202 229 PRAEFAT16.1-iii

23 349 264 424 ’tertiam
316 348 483 445 Stylns,
470 373 513 423 m
526 349 573 423 iis
598 350 783 447 precipue
807 373 891 447 quae
916 349 1098 445 castigare
1115 378 1201 427 auc

18 484 19 489 ’
108 463 181 537 tori
204 464 318 551 licu'n,
344 463 476 552 facitis,
500 464 730 593 perspicuus,
758 463 822 561 qui
846 488 918 536 nec
944 476 1069 572 serpat
1087 467 1201 577 humi,

105 603 179 653 nec
195 581 315 654 nubes
335 588 487 677 copton
511 579 625 677 paulo
650 579 825 677 pinguior
847 588 985 664 tamen,
1011 589 1050 652 et
1073 570 1203 676 inquo
1324 584 1329 595 '

58 706 66 726 ·
110 694 300 769 desideres
316 693 449 768 florem
462 694 668 790 quemdam
694 693 906 768 Latinitatis
922 695 1205 791 elegantemque

108 809 344 884 munditiam.
397 809 574 883 Narratio
585 809 763 896 dilucida,
777 808 967 883 sententiis
979 808 1205 905 monitisque

110 926 160 998 ud
169 923 428 999 informandos
443 946 566 998 mores
583 922 879 997 accommodatis
890 922 1077 997 distinctu
1096 923 1205 1006 Quin

18 1020 48 1161 Τ
108 1048 147 1113 et
162 1039 350 1115 mafienm
366 1062 414 1112 ex
430 1038 666 1113 aemulatione
689 1038 784 1111 Livii
797 1037 1030 1115 identidem
1019 1037 1202 1126 immistio,

106 1155 245 1252 quaeJ
264 1154 480 1237 clemona
493 1156 671 1228 disertae
648 1156 919 1255 engenioaaeqroe
944 1153 1031 1226 visae
1047 1162 1148 1241 eunt,-
1158 1163 1242 1295 -utn
1250 1183 1318 1230 rm.
1330 1184 1359 1235 nt

110 1269 293 1343 affirmare
308 1293 386 1343 non
403 1268 559 1356 dubitet,
573 1273 627 1351 od
639 1294 696 1347 res
711 1272 810 1377 iprae
825 1272 923 1375 qnod
944 1271 1088 1356 attinet,
1105 1249 1241 1345 ordi-¹⁴¹
1233 1249 1313 1305 '¹⁸²¹'

107 1410 254 1483 neroque
269 1396 305 1457 et
314 1387 625 1483 perspicuitatem,
635 1387 702 1457 oie
710 1386 907 1480 quidquam
922 1386 994 1456 mel
991 1386 1049 1465 ino
1058 1386 1142 1466 ab
1124 1412 1204 1484 tpoo

110 1496 321 1594 Liniofieri
327 1500 501 1601 potuisse.
537 1497 625 1579 Quo
632 1495 777 1589 Judmlo
789 1497 1109 1592 quemadmodum
1118 1502 1205 1598 plue

108 1613 260 1688 videtur
274 1610 386 1685 tribui
402 1609 668 1698 FreinshemiO,
686 1634 800 1719 quam
817 1636 876 1685 res
893 1621 932 1689 et
946 1614 1102 1709 equitas
1118 1638 1204 1711 poo-

107 1729 228 1817 tulat;
253 1727 307 1801 ita
322 1726 417 1801 illud
438 1725 711 1814 contendimus,
737 1726 938 1801 nonnullas
963 1727 1099 1801 axillis
1116 1753 1205 1803 con-

110 1843 280 1927 cionibus
305 1866 389 1925 ease
414 1841 611 1937 ejusmodi,
646 1851 689 1915 ut
718 1841 766 1919 iis
795 1841 936 1939 aliquid
970 1844 1206 1941 prestantius

110 1961 267 2048 efficere,
284 1982 362 2035 non
382 1957 542 2053 vulgaris
568 1967 634 2043 aui
656 1956 794 2056 ingenii
819 1957 877 2045 sit,
896 1968 969 2045 ‚eut
993 1960 1105 2038 etiam
1129 1962 1205 2036 elo

110 2074 282 2173 quentiae.

161 2188 336 2285 Denique
359 2189 413 2263 sio
438 2198 600 2264 statuere
622 2214 700 2263 non
715 2192 933 2276 verebimur,
952 2193 1035 2266 hec
1058 2196 1205 2291 supple«

110 2312 239 2380 menta
253 2303 335 2401 pari
350 2303 542 2401 voluptate
557 2304 753 2401 funemque
769 2312 850 2377 tum
871 2304 919 2378 ab
934 2304 1109 2395 indoctis,
1126 2317 1207 2388 tum

109 2445 135 2495 a
151 2419 274 2494 doctis
290 2418 514 2516 legi-posse,
540 2418 589 2491 ab
603 2418 673 2504 his,
695 2428 738 2492 ut
761 2443 856 2515 quas
881 2418 984 2492 velut
998 2420 1206 2517 peringen,

108 2535 162 2610 tia
178 2534 350 2608 locomm
367 2533 490 2632 spatia
507 2532 707 2630 dissipatae
732 2532 819 2608 hinc
844 2533 934 2635 inde
950 2533 1111 2609 historiae
1129 2535 1207 2610 Ro·

111 2661 233 2725 manae
247 2649 463 2752 particulos,
484 2657 523 2722 et
546 2649 655 2745 quasi
680 2647 834 2724 concisa
858 2648 1067 2722 minutatim
1093 2673 1207 2724 mem*

110 2767 190 2854 bra,
208 2790 346 2863 magno
362 2764 491 2838 labore
507 2755 713 2838 consectati
730 2773 829 2852 sunt,
845 2789 894 2854 ,ea
907 2765 947 2851 in
962 2790 1080 2850 unum
1096 2789 1207 2862 cong-

110 2892 278 2957 mentatu
294 2906 441 2978 corpus,
459 2889 498 2954 et
514 2880 584 2960 sub
608 2903 687 2954 uno
711 2890 918 2979 conspectu
941 2880 1066 2978 posito
1089 2882 1206 2957 intue

112 3005 247 3086 annu,
273 2995 321 3068 ab
338 2981 411 3069 iltis
428 3018 527 3081 vero,
544 3004 594 3069 ut
609 2996 760 3092 plenam
776 2995 947 3089 ejusdem
962 2997 1124 3070 historiae
1140 3022 1207 3071 no·

111 3111 233 3194 titiam
249 3109 354 3183 nullo
370 3109 520 3212 negotio
537 3108 607 3183 sibi
617 3129 835 3205 comparare
851 3119 1002 3207 queant,
1019 3120 1058 3183 et
1072 3111 1209 3184 habere
1295 3115 1298 3121 ’

113 3250 191 3326 quo
205 3227 367 3301 referent
382 3249 627 3323 quecumque
653 3224 791 3298 deimle
813 3224 866 3310 ad
889 3224 964 3295 hoc
983 3223 1085 3316 idem
1101 3249 1207 3323 argu

114 3353 281 3417 mentum
296 3339 519 3440 pertinentia
532 3341 662 3415 lecturi
681 3349 780 3415 sunt.

164 3457 375 3554 Diguaest
398 3457 465 3530 viri
491 3456 629 3555 optime
655 3458 704 3530 de
728 3456 859 3532 litteris
883 3456 1002 3558 meriti
1018 3457 1207 3545 memoria,

113 3599 199 3673 qnae
227 3574 291 3647 ad·
306 3582 596 3670 posteros-cuni
621 3573 763 3645 honore
789 3582 1049 3670 propagemr,
1073 3573 1209 3670 dignus

114 3690 207 3789 ipse,
224 3687 330 3783 cujus
347 3680 392 3761 et‘
401 3688 488 3775 vita,
506 3697 544 3760 ct
558 3686 724 3759 litterarii
749 3686 895 3761 labores
911 3712 1025 3787 quam
1041 3688 1208 3784 plurimis

114 3804 374 3880 innotescant:
407 3827 454 3876 eo
478 3803 631 3900 quidem
655 3802 786 3898 magis,
813 3802 917 3900 quod
943 3801 1084 3880 virtutis
1107 3824 1208 3874 amo·

115 3947 206 4010 rem,
224 3942 337 4019 quem
353 3918 515 4016 pramlit
529 3917 870 4014 scriptionibus
895 3937 1044 4013 quoque
1068 3915 1208 4013 praesti*

117 4036 185 4129 tit,
210 4021 324 4109 horno
341 4032 495 4108 candidi
518 4032 692 4130 pectoris,
717 4043 819 4108 etex
842 4032 887 4110 iis
912 4029 1096 4117 omnibns,
1113 4054 1208 4127 quoa

119 4152 228 4228 adeo
244 4150 433 4238 Chumdna
443 4148 647 4224 Suecomm
657 4149 786 4246 iegina
797 4145 1022 4245 conspicuos
1033 4146 1208 4236 eruditio

634 4273 699 4350 1³³
