2942 4750
431 238 525 300 nin.
543 237 627 300 XM.
660 237 760 299 ΜΡ.
779 237 898 299 XVllI.
1158 244 1196 298 19

20 380 21 395 l
128 400 270 469 immin
290 404 394 493 magis
415 404 566 490 praesidio
586 403 733 469 adversus
755 401 922 471 infeliciter
943 411 1102 486 expertam
1116 401 1231 484 vim,n.
1243 421 1269 470 c„
1281 408 1337 469 'sta

128 511 220 575 quam
243 493 349 569 armis,
365 512 399 556 se
417 490 587 567 defensuri,
609 491 688 555 duos
709 502 831 554 montes
854 489 972 555 Letum
994 499 1027 552 et
1043 487 1233 553 Balistam&
1244 486 1271 533 0·
1284 486 1338 535 ¹⁷st

127 590 289 660 ceperunt,
310 580 495 663 ”muroque
518 578 648 661 insuper
675 575 827 661 amplexi„
883 573 1023 640 Tardius
1045 595 1088 639 ex
1111 596 1196 724 aggi:

126 662 338 749 demigrantes
351 663 494 748 obpressi
507 663 550 727 ad
565 662 652 727 mille
666 677 698 726 et
711 663 901 749 quingentos
921 660 1094 747 perierunt.

128 748 184 811 teri
212 750 376 813 montibus
399 772 432 813 se
454 750 616 828 tenebant,
632 762 675 829 et,
689 770 731 812 ne
755 750 786 812 in
810 760 898 812 metu
943 746 1047 811 uidem
1063 745 1196 811 feritatis

126 834 277 921 ingenitae
308 836 409 910 obliti,
434 836 570 899 aaeriunt
597 834 631 898 in
656 833 810 918 praedam,
835 855 908 921 quae
976 835 1072 898 utinm
1101 844 1195 914 parta

127 934 203 985 erat.
225 921 371 1005 captivos
383 944 456 986 cum
472 921 561 986 foeda
576 920 766 985 laceratione
780 919 997 985 interficiunt:
1020 941 1135 1005 pecora
1159 919 1193 983 in

44 1061 49 1075 .
128 1003 205 1070 fania
219 1009 383 1073 trucidant
397 1008 501 1073 verius
521 1009 647 1092 passim,
663 1028 759 1093 quam
775 1007 834 1071 rite
847 1005 1034 1071 sacrificant.
1079 1005 1194 1070 Satiati

127 1094 213 1156 caede
236 1095 457 1172 animantium,
482 1116 555 1180 qum
582 1093 725 1159 inanima
752 1107 852 1169 erant,
874 1091 1077 1177 “parietibus
1103 1091 1196 1155 adfli-

66 1216 97 1271 θ.
124 1190 235 1278 guntt,
257 1181 362 1243 ”rasa
384 1182 487 1244 onmis
508 1180 631 1267 generis
652 1178 725 1244 usui
748 1180 858 1266 magis,
881 1199 976 1265 quam
1004 1192 1194 1242 ornamento

90 1314 97 1327 .
125 1266 320 1350 inspeciem,
336 1265 428 1331 sacta.
473 1269 514 1336 0,
532 1265 674 1330 Petillius
694 1269 817 1341 consul,
833 1286 875 1328 ne
897 1266 1025 1328 absente
1040 1285 1074 1328 se
1087 1263 1194 1328 debel-

30 1360 41 1395 l
125 1350 255 1429 leretur,
272 1352 379 1417 literas
393 1354 432 1417 ad
450 1353 489 1418 C.
505 1351 675 1415 Claudium
692 1350 788 1428 misit,
804 1363 841 1413 ut
860 1372 933 1414 curn
949 1352 1090 1414 exercitu
1105 1349 1194 1415 adse

124 1438 157 1500 in
173 1437 315 1503 Galliam
330 1442 470 1504 reniret:
493 1438 613 1523 campis
637 1436 757 1502 Macris
778 1459 811 1499 se
833 1459 906 1501 eum
928 1447 1192 1522 exspectaturum.

126 1522 245 1587 Literis
263 1527 410 1610 acceptis,
428 1525 583 1590 Claudius
604 1545 645 1588 err
659 1521 830 1610 Liguribus
851 1535 955 1587 castra
978 1523 1087 1600 movit,
1103 1545 1193 1587 exer-

124 1609 285 1696 citumque
299 1614 337 1675 ad
353 1634 484 1695 campos
499 1611 630 1675 Macros
649 1609 772 1673 consuli
787 1608 926 1673 tradidit
972 1608 1097 1674 Eodem
1111 1630 1193 1694 pau·

128 1694 175 1758 cis
187 1710 261 1779 post
274 1697 384 1762 diebus
408 1697 447 1762 C.
464 1697 609 1761 Valerius
630 1695 740 1759 consul
763 1696 843 1759 alter
864 1696 960 1759 venit.
1005 1695 1066 1772 Ibi,
1083 1694 1194 1757 divisis

123 1781 234 1865 copiis,
249 1784 434 1870 priusquam
450 1782 702 1872 digrederentur,
719 1783 932 1847 communiter
952 1780 1048 1845 ambo
1070 1778 1194 1843 exerci-

124 1878 176 1930 tus
191 1868 413 1934 lustraverunt.
437 1884 505 1933 tum
523 1868 637 1949 sortiti,
652 1869 727 1954 qnia
747 1891 812 1932 non
835 1869 875 1932 ab
897 1867 1007 1931 eadem
1024 1878 1194 1949 utrumqne

123 1965 214 2036 parte
230 1955 362 2043 adgredi
379 1959 502 2021 hostem
515 1954 671 2040 placebat,
687 1956 831 2042 regiones
847 1976 925 2039 quas
938 1964 1093 2038 peterent.
1130 1952 1192 2015 Va·

122 2040 236 2104 lerium
264 2043 429 2127 auspicato
459 2044 605 2107 sortitum
627 2055 784 2120 constata,
801 2040 940 2127 quodin
971 2038 1089 2124 templo
1116 2037 1192 2103 lais-

123 2138 188 2189 set:
222 2129 255 2191 in
279 2128 408 2193 Petillio
429 2130 460 2192 id
483 2130 559 2193 vitio
580 2128 709 2205 factum,
733 2140 841 2213 postea
863 2150 903 2192 eu
950 2148 999 2190 res
1020 2126 1193 2210 responde·

20 2228 22 2295 3
121 2224 218 2284 runtr
239 2215 261 2249 ⁷⁶
271 2214 359 2298 quod
374 2228 464 2279 extra
478 2214 633 2299 templum
655 2226 772 2279 sortem
789 2215 821 2276 in
837 2214 909 2277 sitel
921 2236 973 2276 am
989 2214 1021 2275 in
1037 2211 1193 2295 templum

20 2300 22 2371 l
120 2294 224 2358 latam
243 2296 323 2361 foris
335 2300 403 2384 ipse
421 2301 573 2385 posuerit.
619 2300 757 2364 Profecti
776 2300 851 2362 inde
872 2300 906 2360 in
930 2300 1066 2360 diversas
1088 2298 1193 2383 regio·

20 2374 21 2406 ¹
120 2402 194 2446 nes.
239 2382 386 2448 Petillius
407 2387 555 2448 adversus
581 2383 712 2446 Balistae
734 2394 767 2445 et
789 2384 863 2446 Leti
883 2383 1010 2464 jugum,
1036 2383 1120 2462 quod
1143 2402 1197 2441 eos
1297 2377 1303 2392 ⁶

20 2469 22 2512 ἱ
118 2475 253 2544 montes
275 2479 432 2550 perpetuo
455 2469 552 2528 dorso
574 2467 658 2525 inter
680 2485 714 2524 se
731 2466 850 2549 jungit,
865 2483 967 2525 castra
981 2462 1102 2526 habuit.
1145 2463 1198 2528 lbi

20 2543 21 2608 Ῐ
116 2551 351 2617 adhortantem
375 2572 446 2614 eum
468 2571 529 2634 pro
550 2547 704 2614 concione
726 2546 850 2627 milites,
867 2548 1073 2624 inmemorem
1094 2549 1196 2614 ambi-

115 2637 255 2726 guitatis
276 2637 375 2714 verbi,
398 2637 573 2700 ominatum
587 2633 703 2711 ferunt,
719 2657 752 2698 se
772 2656 808 2697 eo
828 2636 880 2697 die
900 2635 1011 2700 Letum
1036 2646 1312 2720 septemremis·

114 2747 194 2792 esse.
240 2723 377 2788 Duabus
391 2723 485 2788 simul
500 2723 641 2806 partibus
655 2720 763 2784 subire
777 2721 810 2783 iu
826 2720 974 2786 adversos
987 2737 1110 2787 montes
1125 2721 1254 2789 coe-⁰⁰³⁴
1266 2724 1327 2770 ⁰⁶⁶³·

118 2811 180 2895 pit
226 2808 274 2873 Ea
288 2831 373 2895 pars,
389 2810 421 2874 in
445 2830 508 2894 qua
530 2808 597 2958 ipse
619 2819 698 2888 erat,
713 2807 839 2906 inpigre
858 2807 1056 2872 subcedebat.
1102 2800 1248 2874 Alte-⁸¹¹⁸·

121 2917 193 2961 ram
205 2894 309 2959 hostes
323 2917 421 2983 quum
433 2917 536 2980 propu
552 2895 658 2972 issent,
670 2904 707 2957 ut
720 2907 899 2958 restitueret
913 2915 980 2957 rem
995 2893 1190 2974 inclinatam,

119 2982 235 3047 consul
261 3004 344 3067 equo
365 2981 524 3059 advectus,
541 3003 614 3045 suos
636 2978 766 3065 quidem
786 3002 806 3042 a
819 2977 896 3066 luga
915 2981 1091 3043 revocavit:
1114 2981 1190 3064 ipse,

323 3141 336 3171 ⁸
351 3141 450 3203 affigant
459 3139 533 3185 Gran.
675 3134 689 3175 δ
705 3135 819 3183 murator
830 3137 904 3183 Gron.
916 3137 985 3184 Creu.

22 3307 30 3334 r
155 3283 189 3330 13
202 3282 321 3344 Marsque
331 3286 425 3346 tempor
435 3284 544 3346 amplexi.
580 3283 640 3331 Par·
671 3297 728 3344 quse
743 3285 775 3331 ad
792 3285 898 3344 speciem
909 3291 933 3330 et
944 3286 1098 3346 dignitatem,
1109 3289 1141 3334 ad
1150 3289 1192 3334 de·

118 3345 177 3392 arm
195 3361 225 3395 sc
243 3349 311 3409 ogra
329 3348 495 3412 demigrantes]
520 3350 641 3409 Apposui·
671 3361 754 3395 eorem
765 3355 876 3407 aspectus
887 3357 1067 3410 comparantur.

120 3414 353 3471 muspostrerbum
364 3413 465 3474 emptast
475 3426 530 3460 eam
541 3413 641 3459 distinc-
705 3412 736 3459 76
761 3410 827 3466 Quor
856 3417 923 3459 cntra
953 3414 1063 3473 templum
1094 3415 1190 3477 sarton]

120 3473 224 3530 tionem,
238 3489 288 3536 qua
303 3490 389 3523 sensus
407 3478 522 3523 liniretur.
556 3477 642 3536 Itaque
675 3475 737 3522 Haec
756 3477 889 3523 admodum
908 3477 1021 3523 intricata
1034 3486 1100 3534 sunt,
1113 3487 1138 3525 et
1149 3481 1192 3525 ha·

118 3537 172 3584 hoc
202 3543 275 3587 modo
304 3541 509 3601 interpretamurr
544 3539 642 3588 Montes
674 3541 732 3586 beat
742 3541 1007 3600 aliquidproculdubio
1017 3549 1060 3590 aut
1068 3544 1191 3600 vitiatum,

117 3600 213 3650 Letum
223 3611 249 3650 et
260 3605 378 3651 Bellatum
395 3612 521 3666 ceperunt,
532 3618 561 3649 ac
570 3607 645 3651 muro'
674 3610 716 3650 aut
735 3611 800 3652 certe
818 3605 937 3652 luxatum.
969 3607 1096 3663 Attamen,
1115 3609 1193 3655 donec

115 3666 223 3728 insuper
238 3670 345 3729 amplexi
355 3676 420 3716 sunt.
439 3669 489 3723 Qui
499 3681 584 3715 eorum
595 3675 643 3714 tar-
675 3670 764 3716 mellus
774 3670 833 3728 quid
842 3671 965 3725 adamam
975 3672 1086 3719 ridemur
1095 3679 1193 3719 utcum-

114 3731 176 3778 dlua
184 3732 476 3794 demimavoeemppressl
484 3732 644 3780 auntaclau-
675 3747 723 3792 que
739 3734 858 3792 explicare
873 3747 942 3794 posse
961 3735 986 3778 in
998 3736 1063 3782 huuc
1074 3738 1190 3783 niodum:

115 3796 170 3842 dia·
202 3795 284 3843 Ceteri
295 3804 390 3844 montes
399 3799 523 3844 tenebant.
675 3800 741 3856 quod
753 3798 804 3857 ipse
815 3805 883 3844 extra
894 3798 1014 3858 templum
1025 3802 1131 3859 pomerlt
1142 3813 1192 3846 sor·

154 3859 188 3905 74
205 3858 339 3907 Parietibus
353 3861 472 3924 affllganq
492 3861 522 3907 In
539 3861 642 3920 parietes
673 3869 725 3908 tem
744 3863 770 3907 in
788 3862 903 3916 sitellam,
921 3875 978 3921 qun
996 3865 1094 3922 quidem
1114 3855 1193 3909 sitella

113 3923 272 3986 lrnp‘mgam.
303 3925 464 3971 Grorroviam
472 3925 590 3972 edidonea
600 3926 642 3971 ha·
674 3933 757 3985 postea
767 3927 842 3986 soris,
854 3927 879 3974 id
891 3933 937 3980 est,
954 3939 985 3973 ex
1000 3928 1054 3975 loss
1070 3926 1113 3984 qnl
1124 3931 1192 3971 extra

115 3987 179 4035 bant
189 3987 306 4048 amir
325 3990 447 4035 mendose.
673 3992 793 4051 templum
813 3998 884 4044 esset,
901 3990 927 4035 ln
946 3993 1067 4050 templum
1082 3989 1132 4033 lata
1147 3996 1191 4036 est

151 4052 186 4098 ts
207 4050 268 4098 rau
280 4082 287 4098 .
300 4054 371 4099 ‚arat
391 4054 468 4112 angra
486 4067 557 4113 qnam
573 4065 641 4098 orna·
672 4053 744 4101 rora
751 4056 881 4115 aliquando
892 4055 991 4101 denota
1002 4051 1135 4098 tenninum
1146 4067 1192 4101 un.

114 4119 196 4162 nesto
207 4116 233 4161 in
244 4117 341 4175 spectem
352 4115 433 4179 saeta]
467 4116 537 4164 Tolle
556 4129 641 4164 vocem
672 4118 703 4164 ds
720 4118 814 4180 aliquid
835 4118 996 4180 proficiscitur
1017 4121 1061 4160 eut
1079 4119 1189 4167 sumitur.

111 4183 330 4240 «mamque
339 4180 586 4243 videturemarglne,
599 4182 642 4228 ubi
674 4182 713 4229 Sle
727 4183 794 4246 sorta
812 4195 910 4234 mntem.
926 4178 1091 4239 ,Mrsttlm-
1122 4184 1191 4232 Cete-

111 4243 202 4290 nddlts
216 4249 269 4292 emt
286 4244 471 4306 tnta-pretendi·
485 4248 640 4307 sequentibus
671 4260 729 4294 nnn
750 4246 863 4307 templum
883 4243 926 4290 bie
949 4242 1133 4304 intelligendum
1154 4253 1191 4293 est

113 4307 199 4354 verbra
217 4309 242 4354 ln
258 4309 364 4369 speciem,
384 4310 410 4355 la
427 4315 523 4358 textum
533 4311 641 4372 irrepsis-
671 4309 740 4358 lonis
751 4308 860 4369 augru'liG
871 4313 1030 4355 munt-'ratus-

112 4382 152 4417 ae.
191 4370 251 4420 Vasa
269 4372 296 4418 ln
311 4373 487 4434 epoehmsacta
504 4381 562 4421 aunt
583 4387 640 4422 vasa

727 4441 782 4496 cil
