2942 4750
337 132 391 201 196
728 135 840 200 riri
869 91 1071 198 nrvrr·

177 303 206 353 rt.
215 309 240 355 c.
254 310 308 355 sss.
338 297 441 360 nitatis
455 301 797 384 accessionenrfacitis?
820 300 970 387 Equidem
979 295 1039 381 pro
1048 301 1160 380 patria
1174 295 1329 382 pui'letnm
1344 295 1399 362 ab·
1427 299 1432 308 '

178 377 207 417 Α·
217 373 243 418 C'
256 373 310 419 ¹⁶⁷·
336 384 487 462 petissent,
503 386 688 467 sepefando
701 388 821 449 audivi:
844 387 1040 468 qaipatriam
1048 405 1108 464 pro
1120 406 1152 446 se
1161 388 1266 466 perire
1280 405 1399 467 sequen

338 481 499 544 censerent,
516 471 550 532 ti
559 473 656 552 primi
666 472 781 533 inventi
794 481 871 533 sant.
918 471 1001 544 Qatr'n
1012 471 1164 549 aperimus
1167 479 1285 552 portas,
1297 480 1327 532 et
1339 471 1399 531 in·

330 557 449 634 peciam
464 556 1118 637 accipimus,qaodordisterrarnmaccepit?
1145 555 1227 617 ttae
1237 554 1399 616 dicentem

337 662 434 723 quum
451 641 619 702 multitudo
634 653 824 725 sequeretur,
848 640 1007 702 Antinous
1027 653 1058 700 et
1081 637 1266 701 Theodotus
1280 638 1312 700 in
1328 640 1400 721 pri·

337 746 422 788 nram
436 726 600 787 stationem
615 724 751 788 hostium
768 726 966 808 inruperunt,
983 737 1077 807 atque
1100 724 1157 797 ibi,
1171 723 1348 786 obserantes
1361 743 1399 786 se

338 810 397 892 ipsi
413 810 603 886 vulneribus,
621 811 786 874 interfecti.
800 813 877 872 urbs
895 808 1002 871 dedite
1022 821 1068 870 est
1085 808 1247 871 Romanis.
1291 808 1399 870 Simili

337 896 508 978 pertinacia
522 896 682 979 ¹⁹Cephali
697 897 848 980 principis
869 892 1008 957 clausum
1033 892 1238 969 Tecmonem,
1261 894 1329 975 ipso
1345 894 1398 954 in-

339 980 479 1057 terfecto,
492 1004 547 1061 per
556 984 746 1045 deditionem
758 979 886 1064 recepit.
922 980 990 1041 Nec
1001 977 1138 1052 Plrilace,
1152 999 1208 1040 nec
1219 978 1398 1057 Horreum,

338 1067 606 1152 obpugnationem
619 1068 768 1131 tulerunt.
795 1067 910 1130 Pacata
922 1063 1032 1146 Epiro,
1042 1061 1149 1125 divisis
1174 1085 1212 1125 ue
1221 1064 1253 1124 in
1265 1062 1401 1125 biberim

339 1152 438 1234 copiis
452 1173 509 1235 per
520 1168 713 1237 opportunas
723 1155 827 1232 urbes,
839 1171 997 1236 regressus
1009 1149 1117 1230 ipsein
1131 1085 1305 1232 illyricum,
1319 1149 1398 1210 Sco·

340 1237 417 1312 dne,
434 1261 498 1323 quo
512 1243 652 1323 quinque
668 1239 761 1324 legati
776 1239 816 1301 ab
834 1239 937 1300 Roma
951 1245 1111 1309 venerant,
1126 1234 1260 1296 evocatis
1274 1253 1314 1295 ex
1329 1244 1400 1296 tots

340 1324 503 1404 provincia
517 1324 721 1407 principibus,
738 1334 925 1387 conventum
941 1319 1062 1384 babuit.
1108 1318 1158 1381 lbi
1172 1339 1231 1402 pro
1245 1317 1400 1381 tribunali

181 1419 312 1492 necetius
340 1409 562 1492 pronunciavit
590 1411 630 1471 tle
659 1410 811 1472 sententia
847 1406 987 1470 consilii:
1026 1406 1170 1469 Senatum
1192 1406 1401 1487 populumque

180 1482 317 1540 ⁶⁶¹¹¹5¹¹¹²
342 1495 512 1558 Romanam
539 1496 659 1577 Illyrios
685 1517 745 1558 esse
768 1496 873 1557 liberos
887 1493 1006 1574 jubere.
1033 1490 1179 1571 prasidio
1207 1511 1244 1551 ee
1263 1489 1402 1552 omnibus
1455 1561 1456 1564 Ἴ

342 1581 474 1661 oppidis,
487 1581 612 1653 arcibus,
623 1589 653 1641 et
662 1581 862 1642 castellissese
873 1580 1072 1640 deductarum.
1100 1576 1171 1638 Non
1179 1575 1269 1638 solnm
1281 1574 1398 1650 liberos,

342 1668 498 1728 sedetiam
515 1665 728 1746 inmunesfore
743 1666 881 1738 issenses,
898 1672 927 1724 et
944 1661 1133 1738 Taulantios,
1148 1662 1401 1723 Dassaretiorum

343 1752 522 1825 ¹“Pirustas
539 1751 732 1824 Rhizonitas,
758 1750 938 1821 Olciniatas,
955 1748 1044 1829 quod,
1062 1745 1204 1808 incobami
1220 1744 1339 1820 Gentio,
1356 1747 1400 1816 od
1420 1752 1422 1756 ’

344 1837 500 1898 Romanos
524 1832 705 1914 defecissent.
750 1833 898 1897 Daorseis
925 1853 1038 1913 quoqne
1065 1831 1274 1892 inmunitatem
1302 1833 1399 1905 ἄατος

344 1923 433 2002 qaod,
449 1921 554 1981 relicto
571 1919 764 1996 Caravantio,
779 1938 843 1980 curn
865 1918 960 1979 armis
979 1918 1026 1990 ad,
1044 1915 1195 1978 Romanos
1211 1918 1402 1978 transissent.

344 2004 562 2078 Scodrensibus,
580 2014 609 2065 et
623 2003 870 2078 Dassarensibus,
881 2012 910 2064 a
923 2002 1140 2081 ’'Selepitania
1151 2002 1314 2083 ceterisque
1326 2003 1401 2085 Iny-

344 2090 413 2163 riis,
429 2089 556 2171 vertuni
576 2089 727 2150 dimidiam
749 2086 822 2169 pras,
843 2088 924 2167 qaod
943 2086 1010 2170 regi
1023 2087 1226 2165 ”pendissent
1271 2085 1353 2149 Inde
1369 2088 1400 2149 iu

345 2185 408 2236 tres
431 2187 535 2256 partes
559 2172 722 2256 Illyricum
743 2171 857 2234 divisit.
879 2174 999 2233 ”unam
1019 2190 1086 2231 eam
1108 2169 1189 2247 fecit,
1210 2190 1282 2253 quse
1304 2191 1401 2253 supra

346 2257 431 2320 dicta
450 2269 514 2334 est3
537 2258 667 2321 alteram
687 2257 842 2320 Labeatas
856 2276 983 2329 omnes3
1006 2254 1129 2317 tertiam
1150 2255 1398 2340 “Agravonitas
1446 2265 1452 2278 '

347 2358 379 2408 et
396 2343 588 2421 Rhizonitas,
605 2358 637 2407 et
652 2342 834 2417 Olciniatas,
855 2340 1041 2424 adcolesque
1055 2361 1173 2427 eornm.
1188 2339 1248 2403 hac
1265 2339 1401 2405 formula

347 2431 432 2494 dicta
446 2431 480 2493 in
503 2430 640 2515 Illyrico,
664 2430 729 2513 ipse
750 2430 783 2491 in
805 2424 895 2511 Epiri
918 2426 1124 2490 Passaronem
1146 2427 1178 2487 in
1197 2425 1331 2490 hiberna
1351 2449 1399 2490 re·

347 2517 415 2580 diit.

188 2611 335 2662 uramenta
390 2602 536 2665 XXVlI.
568 2603 656 2665 Dum
682 2600 753 2662 haec
777 2601 810 2661 in
837 2600 965 2683 Illyrico
988 2592 1150 2683 geruntur,
1176 2598 1306 2665 Paullus
1329 2609 1403 2663 ante

186 2681 316 2781 {mm
349 2687 516 2749 adventum
541 2686 648 2747 decem
674 2683 850 2768 legatorum
878 2685 921 2759 Q.
943 2684 1121 2747 Maximum
1143 2680 1252 2760 filiurn,
1271 2684 1338 2769 jam
1361 2678 1406 2748 ab‘

189 2748 313 2847 ffltoea
353 2773 456 2834 Roma
468 2790 652 2855 regressum,
669 2768 709 2830 nd
725 2768 888 2850 AEpinium
903 2780 934 2831 et
945 2769 1280 2854 Agassasdiripiendas
1290 2770 1401 2833 mittit:

350 2859 492 2942 Agassas,
519 2855 614 2939 quod,
645 2874 742 2937 quum
768 2852 891 2914 Marcio
912 2854 1034 2916 consuli
1057 2855 1253 2917 tradidissent
1277 2855 1403 2932 urbem,
1455 2932 1456 2939 ἵ

350 2944 447 3026 petita
462 2942 545 3003 ultro
559 2941 706 3001 societate
726 2938 877 3014 Romana,
901 2938 1078 3001 defecerant
1091 2961 1199 3001 rursus
1214 2938 1255 3002 ad
1272 2938 1405 3003 Perses:
1455 2956 1456 2961 ’

351 3026 586 3112 AEginiensinm
601 3044 717 3085 novum
732 3023 853 3085 crimen
867 3034 945 3088 erat.
968 3024 1059 3087 lamro
1081 3025 1119 3086 de
1140 3026 1271 3087 victoria
1286 3025 1407 3087 Roma-

329 3133 462 3176 ·norum
490 3109 583 3172 fidem
607 3130 672 3171 non
701 3107 863 3189 habentes,
886 3109 919 3171 in
943 3110 1094 3193 quosdam
1119 3108 1406 3186 militum-urbem

1421 3252 1435 3277 ὓ
1450 3264 1456 3285 r

381 3300 411 3345 ts
429 3298 523 3357 Crptmlt
546 3298 672 3360 principis]
702 3298 741 3344 Sic
771 3312 859 3344 nomen
924 3297 954 3345 ἣ
971 3297 1118 3361 Pendiuent]
1141 3298 1257 3345 Usitatius
1280 3300 1342 3346 foret
1362 3316 1409 3361 μ.

348 3359 420 3422 hujus
431 3363 531 3420 insignis
542 3363 587 3407 riri
597 3363 672 3406 edunt
679 3371 704 3407 et
713 3362 826 3421 Polybius
834 3362 860 3407 in
887 3361 1024 3420 pendissent.
1058 3362 1114 3408 Vid.
1126 3370 1208 3408 nmen
1224 3364 1254 3409 de
1269 3365 1315 3411 hoc
1332 3359 1410 3415 verb'o

349 3427 461 3484 Excerpt.
472 3429 501 3472 de
513 3427 576 3472 Virt.
588 3432 612 3470 et
623 3425 646 3467 V
648 3425 673 3469 it.
686 3425 824 3471 txxvrr.
836 3431 861 3470 et
893 3423 956 3469 Nor.
969 3424 1077 3470 Method.
1090 3425 1160 3485 Ling.
1171 3426 1224 3472 Lat.

347 3487 861 3552 ipseLiviussuprnl.XLlll.c.18.Vul·
925 3487 957 3533 23
976 3486 1052 3533 Unam
1062 3490 1185 3550 eantsccit,
1196 3504 1246 3549 qun
1261 3504 1332 3550 snpra
1344 3491 1410 3538 dieta

347 3554 397 3613 gati
408 3555 447 3599 hic
459 3555 546 3599 habent
559 3552 699 3612 Cephalonis.
892 3547 935 3610 est]
956 3550 1079 3598 Ubinam?
1097 3552 1144 3599 Vel
1161 3553 1201 3598 hic
1216 3555 1297 3613 aliqua
1311 3554 1409 3601 intendi.

332 3640 334 3645 ·
379 3617 411 3663 20
427 3618 548 3679 Pirustas}
557 3619 599 3677 ,Sic
610 3614 739 3677 legijussit
749 3617 860 3675 Sigonius
892 3617 987 3666 derunt,
1000 3616 1325 3675 relremnonparnmsane
1339 3618 1413 3664 msti-

347 3696 377 3727 ex
391 3681 556 3728 Ptolemaeei
572 3683 693 3727 Strabone.
726 3683 806 3725 Antea
820 3679 861 3724 Tt-
892 3678 984 3724 diaeum
1007 3678 1172 3739 indiligentius
1197 3681 1338 3725 transcurrit
1363 3678 1415 3727 Li.

348 3748 430 3790 rastas
893 3743 953 3788 vim.
986 3742 1019 3787 Ut
1031 3750 1058 3787 ut
1069 3744 1109 3796 sit,
1121 3749 1184 3789 certe
1192 3744 1258 3789 haud
1268 3743 1338 3789 facile
1349 3745 1414 3791 den.

380 3807 408 3854 21
427 3809 574 3871 Selepitanis]
595 3806 707 3869 Dujatr'us
726 3808 860 3867 suspicatur
892 3808 938 3852 niri
949 3812 1028 3865 potest
1038 3820 1067 3851 ex
1079 3807 1282 3861 antecedentibus,
1294 3819 1354 3866 quos
1365 3821 1415 3867 pn-

325 3898 326 3901 =
347 3873 393 3917 hoc
404 3886 492 3919 nomen
504 3880 642 3931 corruptum
654 3886 705 3917 csse
715 3885 746 3916 ex
757 3871 859 3929 Separr'r,
892 3871 962 3929 pulos
973 3870 1082 3914 habitarit
1092 3871 1170 3928 prima
1177 3871 1231 3915 haec
1242 3870 1332 3930 lllyrici
1343 3884 1414 3929 par-s.

347 3936 480 3994 Epettttnts,
492 3938 534 3997 qni
545 3938 608 3994 apud
621 3935 726 3978 Plinium
739 3936 860 3992 appellan-
924 3933 957 3979 24
971 3933 1139 3995 Agrarnnitar]
1160 3934 1272 3979 Fortasse
1289 3934 1417 3982 Amnum.

347 4001 423 4051 tuni.
437 4000 483 4045 111.
496 4000 567 4046 a22.
601 3999 646 4042 Scd
657 3998 757 4041 sonasse
765 4010 813 4041 non
824 4003 860 4042 es
876 3998 960 4041 ·rritcs.
993 3997 1130 4042 nannum
1146 3998 1204 4042 urbs
1214 4003 1251 4044 est
1267 3997 1417 4056 nunnae,

347 4064 411 4120 quod
429 4063 546 4108 miremur
563 4063 673 4120 ignotum
692 4059 760 4103 nobis
779 4063 861 4119 populi
892 4066 1026 4106 memorata
1043 4060 1121 4106 Plinio
1130 4067 1155 4106 et
1170 4060 1309 4106 Patemao.
1321 4060 1421 4111 Dusae.

331 4136 583 4172 nomenoccurrere:
603 4136 646 4167 nec
663 4121 779 4180 quidquid
794 4124 862 4182 igna-
895 4134 968 4169 rsus.
1001 4124 1048 4169 Sed
1059 4125 1090 4168 ab
1100 4124 1419 4175 nauseantium-uene

347 4199 438 4244 ramus,
449 4190 532 4235 statim
546 4200 590 4246 pro
602 4186 862 4244 nupectohabendum
894 4187 1039 4233 formaretur
1057 4199 1145 4234 noman
1162 4186 1311 4246 gentilitium
1330 4187 1419 4238 Aser-t.

347 4254 392 4294 est.
893 4250 992 4294 anatra.
1025 4249 1108 4296 Liceat
1118 4251 1200 4311 aliqua
1208 4251 1328 4311 ignarae.
