2942 4750
319 180 375 234 ns
678 137 795 233 ‘urar
821 172 952 233 n1v11

154 346 183 392 u.
195 347 221 394 c.
233 345 289 396 ecs
316 343 432 408 cerent,
448 329 532 398 missi
547 344 631 411 aunt,
647 334 689 398 T.
700 335 826 399 Annius
843 335 973 408 Luscus,
992 334 1028 398 P.
1040 333 1159 398 Decius
1173 331 1308 411 Subulo,
1321 323 1372 399 M.

152 411 290 519 festum
317 419 484 483 Cornelius
506 419 675 518 Cethegus.
721 420 843 484 Eodem
859 443 943 483 anno
959 421 996 484 C.
1014 420 1166 505 Popillius
1177 431 1209 481 et
1226 420 1289 484 Cn.
1304 420 1370 484 00-

153 487 224 581 ndi.
236 540 262 584 in
315 506 416 567 tarius
432 504 537 589 legati,
548 505 601 595 qui
618 526 648 566 m
666 505 825 568 Graeciam
838 504 922 568 missi
938 518 1038 583 erant,
1054 504 1368 578 senatusconsultum,

152 597 252 648 Grecis.
314 589 434 652 Thebis
451 592 584 672 primum
603 591 775 662 recitatum,
787 611 845 673 per
856 610 966 652 omnes
980 590 1188 673 Peloponnesi
1202 590 1293 651 urbes
1307 589 1370 651 cir-

313 675 538 745 cumtulerunt,
553 675 603 736 Ne
611 677 677 755 quis
688 678 780 737 aba
789 697 852 739 rem
864 677 897 736 ia
905 676 1014 737 bellum
1024 675 1246 758 magistratibus
1254 675 1370 736 Rorna-

312 761 360 822 nis
375 756 533 836 coaj'errer,
549 768 746 840 preterquam
757 762 837 841 quod
849 769 971 822 serratus
982 761 1148 824 censuisset.
1174 759 1247 821 Hoc
1257 757 1371 820 fiduci·

312 843 411 907 amin
427 858 586 925 posterum
609 865 734 926 quoque
748 843 936 925 prebuerat,
952 843 1070 906 levatos
1091 866 1125 906 se
1138 841 1372 924 oneribusque¹

312 927 521 1010 inpensisque,
539 926 662 1010 qaibas,
679 929 741 991 ulia
755 927 822 990 aliis
839 928 1074 1010 imperantibus,
1092 926 1369 990 exhauriehautur.

311 1011 484 1076 ”Achaico
509 1012 642 1073 concilio
669 1014 762 1096 Argis
783 1014 910 1092 agitato,
937 1012 1104 1098 ”benigne
1129 1013 1225 1075 locuti
1250 1012 1369 1093 auditi-

336 1119 385 1171 ue,
411 1097 568 1181 ⁹⁴egrepiu
589 1117 644 1178 spe
664 1095 762 1160 futuri
785 1111 882 1159 status
905 1096 1053 1160 fidissima
1078 1112 1172 1183 gente
1193 1096 1312 1172 relicta,
1336 1097 1369 1159 in

311 1119 462 1248 hrotam
478 1183 674 1264 trajecerunt.
722 1182 771 1244 lbi
793 1181 936 1244 nondum
953 1182 1080 1266 quidem
1096 1180 1205 1244 seditio
1220 1193 1296 1256 erat,
1313 1179 1370 1244 sed

312 1267 450 1328 ”omnis
472 1279 623 1348 supccm,
639 1267 869 1350 criminumque
890 1267 972 1328 inter
994 1268 1078 1345 ipsos
1101 1265 1202 1347 plena.
1232 1268 1273 1327 ob
1295 1287 1369 1349 ques

311 1349 473 1415 obsidibus
496 1349 668 1432 postulatis,
692 1372 796 1434 neque
816 1353 903 1413 exitu
926 1353 969 1413 rei
1001 1351 1147 1434 inposito,
1170 1352 1202 1413 in
1225 1351 1369 1412 Acarna·

310 1435 396 1499 niam
420 1434 492 1498 irrrle
508 1436 637 1516 profecti
661 1435 755 1520 legati
774 1451 857 1500 sunt.
899 1435 1044 1520 “Thyni
1067 1434 1236 1498 concilium
1258 1433 1368 1519 legatis

311 1523 492 1586 Acarnanes
513 1520 676 1582 dederunt.
721 1521 769 1584 lbi
791 1543 916 1605 quoque
936 1520 1017 1583 iuter
1040 1519 1191 1583 factiones
1208 1537 1276 1582 erat
1297 1540 1367 1581 cera

312 1617 435 1669 tamen:
465 1604 593 1687 quidam
618 1605 798 1687 principum
819 1604 987 1689 postulare,
1009 1618 1046 1668 ut
1067 1604 1211 1688 praesidia
1226 1604 1258 1665 in
1275 1597 1368 1668 urbes

312 1713 384 1753 suas
399 1691 622 1752 inducerentur
643 1690 791 1753 adversus
806 1690 972 1752 amentiam
995 1711 1114 1764 eorum,
1130 1688 1215 1772 ⁸⁷qui
1236 1687 1274 1749 ad
1292 1686 1368 1750 Ma·

312 1776 448 1839 cedam
468 1787 594 1859 gerrtrm
617 1774 801 1838 trahebant:
823 1797 896 1859 pars
918 1796 1069 1851 recusare,
1086 1797 1137 1853 ne,
1153 1770 1269 1857 “quod
1284 1772 1369 1834 bello

313 1863 411 1944 captis
432 1870 464 1922 et
487 1860 627 1922 hostibus
650 1881 717 1921 mos
742 1873 830 1935 esset,
853 1860 885 1922 id
912 1875 1031 1942 pacatae
1052 1872 1084 1921 ot
1111 1859 1206 1921 socioe
1226 1858 1368 1920 civitates
1454 1929 1455 1948 Χ

311 1944 494 2026 ignominiae
516 1945 704 2026 acciperent.
749 1947 840 2008 lusia
861 1944 1040 2025 deprecatio
1055 1945 1124 2005 haec
1138 1943 1214 2005 risa.
1258 1941 1368 2003 Laris·

311 2031 437 2093 samad
467 2030 637 2092 Hostilium
663 2028 881 2109 proconsulem
904 2028 1018 2105 (abeo
1042 2028 1125 2088 enim
1157 2026 1241 2089 missi
1263 2027 1367 2106 erant)

311 2113 404 2212 legati
422 2113 591 2182 redierunt.
627 2113 794 2175 Octavium
810 2113 938 2175 retinuit
952 2132 1069 2174 secum.
1105 2110 1277 2192 Popillium
1294 2133 1367 2174 cum

311 2197 397 2260 mille
412 2198 509 2261 ferme
523 2199 672 2262 militibus
687 2199 717 2259 in
735 2197 867 2261 hiberna
884 2195 1084 2259 Ambraciam
1102 2175 1196 2257 misii.

152 2295 283 2372 Perseius
353 2284 484 2348 XVlll.
516 2284 656 2361 Perseus,
671 2283 827 2366 principio
850 2282 960 2346 hiemis
980 2281 1086 2367 egredi
1109 2277 1311 2342 Macedoniae
1331 2279 1368 2342 fi-

151 2359 276 2439 P⁶d³i¹⁰¹¹¹
313 2368 405 2435 nibus
434 2392 498 2434 non
528 2393 631 2448 ausus,
648 2392 688 2433 ue
702 2392 765 2455 qua
786 2372 818 2433 in
840 2391 973 2455 regnum
996 2387 1127 2430 vacuum
1149 2364 1368 2447 inrumperent

153 2425 285 2484 illyricum.
314 2454 462 2530 Romani,
493 2457 550 2520 sub
580 2471 703 2540 tempus
734 2460 865 2533 brutum,
893 2477 992 2540 quum
1028 2449 1295 2533 inexsuperabiles
1324 2449 1368 2513 ab

312 2539 477 2604 Thessalia
499 2558 622 2605 montes
636 2545 716 2604 nivis
738 2542 870 2604 altitudo
884 2541 969 2615 facit,
984 2537 1179 2602 occasionem
1200 2557 1265 2597 esse
1279 2545 1368 2597 ratus

309 2624 474 2711 frangendi
490 2623 695 2686 finitimorum
710 2644 780 2703 spes
799 2625 990 2705 animosque,
1007 2643 1047 2681 ne
1061 2622 1148 2702 quid,
1162 2641 1269 2683 averso
1284 2640 1317 2680 se
1330 2619 1366 2681 in

314 2708 494 2771 Romanum
511 2704 639 2779 bellum,
653 2704 783 2787 periculi
798 2705 944 2778 subesset,
959 2725 1058 2787 quum
1073 2727 1093 2765 a
1103 2704 1242 2767 Thracis
1255 2724 1366 2784 paoem

313 2791 422 2876 Cotys,
447 2788 488 2854 ab
517 2786 617 2868 Epiro
644 2786 803 2868 Cephalus
827 2789 990 2867 repentina
1011 2786 1187 2851 defectione
1207 2810 1224 2851 a
1247 2787 1366 2850 Roma·

312 2874 361 2936 nis
391 2879 603 2957 'prestarent
626 2870 793 2932 Dardanos
822 2891 927 2932 recens
951 2872 1121 2936 domuisset
1147 2872 1239 2949 bello,
1262 2872 1365 2935 solum

696 3011 710 3040 ¹
720 3011 903 3057 maliacus
915 3013 983 3059 Cres.

345 3142 378 3189 92
398 3138 499 3185 Achatae
520 3135 613 3182 conabo
627 3118 723 3195 Argo]
746 3133 823 3192 Repo-
855 3132 977 3194 Polybius,
989 3137 1105 3197 docetque
1118 3138 1297 3184 criminationes
1312 3138 1368 3186 illac

314 3204 420 3248 nendum
436 3205 473 3244 est
488 3200 566 3260 AEgrt,
587 3212 617 3245 ex
637 3197 719 3257 Polyb
740 3196 822 3258 Legat.
855 3198 911 3243 inde
929 3206 993 3245 ortas
1012 3210 1072 3253 esse.
1092 3202 1155 3261 quod
1166 3202 1191 3246 bi
1203 3208 1294 3248 ceteros
1309 3215 1367 3248 coa.

317 3263 355 3310 u„
856 3262 980 3308 tenderent
997 3262 1062 3309 haud
1079 3266 1170 3309 sincera
1186 3265 1232 3310 lide
1248 3278 1304 3311 curn
1318 3265 1368 3311 llo·
1450 3288 1457 3311 c

345 3325 378 3371 93
397 3324 502 3385 Benigne
522 3326 603 3389 locuti]
631 3324 677 3370 Sed
698 3324 776 3383 magis
796 3331 825 3371 ut
856 3325 935 3369 manis
954 3327 1057 3379 sentirer
1083 3327 1118 3371 illl
1140 3335 1288 3373 accusatores
1310 3341 1367 3374 suas
1429 3374 1438 3399 ·

314 3389 430 3434 servirent
445 3391 601 3448 temporibus,
612 3402 685 3449 quarn
696 3402 726 3434 ex
735 3389 823 3433 animo.
856 3388 982 3434 caumatis
993 3386 1017 3433 ln
1034 3402 1060 3433 sc
1076 3392 1178 3447 grussari
1192 3392 1306 3445 dicerent.
1318 3405 1368 3452 qao

315 3451 413 3497 Etenim
441 3450 579 3509 dicebantur,
601 3454 679 3512 inquit
701 3451 823 3510 Polybius.
856 3453 1028 3510 potentioribus
1039 3453 1200 3500 adularentur.

314 3516 443 3560 amaturi
459 3514 592 3575 Luceriam,
611 3522 633 3562 et
649 3515 786 3567 Archuaem.
803 3520 825 3560 el
888 3514 920 3559 96
939 3514 1035 3577 myrti]
1052 3514 1148 3562 Nomen
1164 3514 1237 3578 hujus
1247 3518 1314 3563 urbis
1325 3532 1370 3565 va-

315 3577 446 3635 Polybium.
471 3583 579 3639 tanquam
602 3581 686 3625 alienor
706 3592 721 3623 a
743 3577 824 3639 populi
854 3576 889 3622 ric
916 3578 1034 3628 scribitur,
1068 3578 1207 3637 Tyrrhenam,
1237 3580 1368 3640 Phyrrum,

315 3634 506 3687 nomime-s.
545 3642 577 3688 Id
595 3646 669 3688 tamea
680 3640 761 3702 facere
779 3653 824 3685 noa
859 3638 981 3693 risuum.
1017 3640 1139 3701 Titurium.
1183 3643 1246 3689 Vide
1277 3645 1366 3692 cutm.

315 3707 369 3748 ruat
389 3705 448 3756 cari,
470 3704 529 3761 qaod
541 3704 636 3751 rruihm
656 3718 747 3750 maram
769 3704 825 3748 ratis
856 3705 942 3764 ocogc.
955 3706 1012 3749 Ant.
1024 3704 1058 3749 ll.
1072 3703 1108 3751 13.

311 3765 824 3828 μώοῖλὶωιὴαὸσεηε,εανιωνιοιαςιι
886 3766 1184 3821 illQuiadMaccdauaa
1203 3774 1295 3831 gerim
1316 3776 1366 3818 tra·

315 3833 374 3875 reat.
854 3830 946 3892 teum]
970 3830 1113 3877 Emendatio
1139 3834 1260 3880 Gronovri.
1300 3835 1367 3882 Olim

348 3892 380 3939 st
396 3894 500 3954 Egregia
515 3891 565 3953 spe]
583 3893 612 3938 ld
626 3899 672 3946 est.
689 3894 714 3937 in
730 3894 826 3952 egregia
855 3895 886 3940 ad
896 3893 1074 3940 Maccdrmicnm.

315 3970 358 4017 ape
378 3958 454 4004 surturi
471 3962 554 4001 matus.
595 3957 716 4009 Ceterum,
738 3958 759 4001 si
780 3954 826 4004 hoc
889 3958 920 4004 98
938 3956 1003 4012 Quor
1018 3958 1153 4019 bellomptir
1169 3964 1192 4005 ei
1206 3959 1368 4008 auruum

314 4021 398 4067 durius
409 4022 511 4072 videtur.
525 4020 576 4078 lege
586 4032 643 4064 cum
656 4019 766 4065 Muretus
791 4019 826 4066 E·
857 4020 924 4083 aret]
952 4019 1044 4075 Potius,
1056 4021 1115 4081 qaod
1129 4022 1183 4067 bello
1192 4030 1268 4085 captor
1278 4029 1301 4070 ct
1315 4025 1367 4071 hcc·

312 4086 459 4144 gregtrrpe.
471 4115 478 4128 .
490 4082 622 4146 fidissime
632 4082 697 4141 grati
708 4082 794 4128 relicta.
858 4088 891 4129 ter
908 4097 956 4130 mor
976 4088 1039 4138 essct,
1059 4091 1087 4129 ut
1104 4085 1247 4150 intelligitur
1264 4089 1368 4149 accipere

347 4146 379 4191 96
396 4148 481 4194 Omnia
496 4150 597 4206 ruperto
612 4146 778 4204 cummanere
788 4147 824 4190 br·
855 4148 994 4208 ipsumam
1026 4148 1198 4200 Gronovius.

315 4209 350 4249 ter
367 4209 427 4266 {pm
441 4210 523 4271 piem]
547 4209 608 4255 Rem
629 4209 706 4255 fusius
727 4210 826 4268 exponit
890 4211 902 4256 1
920 4209 1073 4273 Prrrrtarcnt]
1086 4212 1124 4258 Sic
1135 4217 1276 4265 veuratlores
1290 4216 1368 4263 cutus
