2942 4750
370 727 378 819 Γ
415 724 516 888 r.
553 724 1170 890 L1V11PATAV1N1
1209 730 1219 777 ⁷

509 1016 513 1023 '
611 1040 840 1123 aranu
881 1040 1002 1125 xm,

1217 1138 1326 1248 os

700 1250 899 1330 ...φ’-

359 1484 1241 1529 aresceres

106 1637 135 1686 U·
147 1638 173 1687 0·
185 1639 241 1689 ⁵⁷4»
268 1641 276 1672 ¹
288 1626 307 1700 a
320 1625 410 1721 patre
424 1637 457 1700 in
472 1658 550 1721 pace
564 1630 705 1700 habitam
720 1656 868 1714 armasse,
880 1658 982 1723 eoque
990 1630 1152 1722 juventuti
1165 1627 1333 1721 praedandi

103 1706 134 1751 A.
146 1705 173 1751 ⁰·
187 1704 240 1753 ¹⁷⁸⁴
267 1722 392 1806 cupidae
405 1733 574 1822 pergratus
588 1743 654 1785 esse
668 1721 845 1785 dicebatur.

102 1817 216 1866 lotricum
311 1807 338 1873 I.
356 1809 532 1873 Consilrum
544 1807 586 1870 de
599 1808 712 1871 Istrico
727 1807 812 1871 bello
826 1830 925 1893 quum
941 1806 1073 1892 haberet
1083 1808 1204 1887 consul,
1215 1808 1269 1873 alii
1277 1830 1332 1896 ge·

102 1882 201 1930 omum.
264 1893 401 1957 rendum
424 1894 596 1977 extemplo,
613 1906 782 1978 antequam
796 1894 984 1957 contrahere
1005 1895 1111 1977 copias
1133 1893 1238 1958 hostes
1260 1909 1333 1978 pos·

264 1991 346 2058 sent,
362 1979 414 2043 alii
430 1979 659 2042 consulendum
676 1980 764 2063 prius
779 1994 923 2042 senatum
938 1979 1118 2042 censebant.
1162 1980 1247 2043 Vicit
1261 1998 1332 2043 sen·

264 2065 373 2140 tentia,
397 2087 469 2150 quae
494 2065 577 2127 diem
605 2085 671 2126 non
696 2063 886 2151 proferebat.
932 2064 1096 2129 Profectus
1121 2064 1162 2129 ab
1183 2065 1334 2150 Aquileia

257 2151 375 2214 consul
397 2164 500 2214 castra
521 2150 562 2213 ad
585 2150 691 2213 lacum
717 2149 846 2212 Timavi
878 2151 1000 2233 posuit3
1033 2150 1182 2235 (inminet
1201 2150 1283 2214 mari
1305 2151 1331 2214 is

256 2233 365 2313 lacus)
382 2236 495 2300 eodem
510 2234 622 2300 decem
637 2234 772 2298 navibus
789 2236 825 2299 C.
844 2234 959 2298 Furius
981 2235 1131 2300 duumvir
1145 2236 1264 2300 navalis
1279 2258 1331 2300 ve·

262 2321 320 2385 nit.
364 2322 528 2387 Adversus
549 2321 733 2406 Illyriorum
754 2320 885 2385 classem
905 2322 1002 2386 creati
1024 2321 1185 2386 duumviri
1206 2323 1332 2387 navales

262 2420 363 2484 erant,
380 2410 455 2492 'qui
480 2408 629 2472 tuendam
651 2407 763 2551 viginti
784 2408 917 2471 navibus
936 2410 1018 2471 mari
1040 2409 1202 2493 superiore
1223 2411 1331 2472 Anco·

263 2513 347 2569 nam,
373 2494 480 2554 velut²
495 2491 657 2553 cardinem
705 2489 855 2554 aberent:
880 2492 954 2554 inde
971 2493 1012 2556 L.
1030 2493 1197 2558 Cornelius
1218 2493 1332 2557 dextra

262 2576 358 2638 litora
382 2596 481 2658 usque
503 2575 543 2637 ad
567 2574 759 2653 Tarentum,
776 2574 814 2637 C.
831 2575 858 2637 F
858 2571 946 2636 urius
958 2574 1038 2637 laeva
1058 2577 1212 2659 usquead
1230 2580 1332 2664 Aqui·

261 2660 355 2723 lciam
372 2672 523 2722 tueretur.
571 2658 627 2722 1⁴3ae
649 2681 743 2723 naves
765 2660 806 2723 ad
827 2659 1012 2743 proximum
1031 2670 1162 2758 portum
1177 2663 1209 2724 iu
1226 2662 1330 2728 lstriae

261 2745 342 2809 fines
357 2766 430 2807 cum
444 2744 598 2808 onerariis
612 2755 643 2807 et
657 2767 777 2831 magno
796 2756 973 2828 commeatu
994 2766 1119 2809 mrssae:
1142 2759 1331 2835 secutusque

262 2852 336 2894 cum
357 2830 536 2917 legionibus
560 2831 670 2893 consul
686 2832 828 2916 quinque
850 2830 946 2894 ferme
966 2831 1067 2895 millia
1087 2855 1107 2896 a
1128 2835 1208 2897 mari
1223 2837 1329 2919 posuit

262 2929 372 2981 castra
420 2916 458 2979 lu
473 2928 567 3000 portu
588 2917 767 3000 emporium
788 2918 875 2980 brevi
897 2915 1101 3003 perfrequens
1116 2918 1243 2996 factum,
1260 2943 1330 2984 om·

261 3003 379 3088 niaque
402 3000 477 3064 hinc
503 3002 536 3064 in
566 3016 669 3065 castra
694 3002 975 3086 subportabantur.
1009 3016 1050 3080 et,
1078 3026 1144 3089 quo
1171 3006 1202 3068 id
1228 3007 1329 3071 tutius

260 3089 360 3166 fieret,
377 3087 527 3152 stationes
542 3086 584 3151 ab
597 3087 747 3151 omnibus
767 3101 944 3152 castrorum
967 3091 1109 3173 partibus
1123 3091 1330 3158 circumdata

262 3188 353 3239 suut:
376 3176 428 3237 'in
446 3174 633 3260 istriamque
653 3195 746 3238 suum
770 3173 956 3259 praesidium
980 3175 1140 3256 stativum,
1164 3180 1329 3261 repentina

663 3333 675 3361 ¹
687 3330 757 3376 veluti
768 3332 841 3378 Gron.
852 3332 920 3378 Creu.

295 3475 308 3522 1
326 3474 647 3538 Apasntnpaaetaotum]
665 3475 779 3536 Quinque
807 3478 874 3537 gina
890 3476 985 3523 moue
1000 3478 1072 3524 amris
1089 3476 1174 3537 Superi
1189 3491 1236 3526 oroe
1250 3480 1327 3529 Auoo·

261 3542 350 3587 horum
371 3541 488 3587 librorum
507 3540 715 3600 argmentaque
737 3542 779 3586 ha·
811 3555 866 3587 nam
884 3541 946 3586 velat
965 3541 1081 3587 cardum
1101 3541 1214 3589 luanus
1248 3544 1286 3589 Sic
1307 3547 1324 3589 l.

260 3606 356 3658 bemun
368 3604 458 3664 publici
470 3601 534 3665 juria
548 3605 605 3650 fecit
622 3603 706 3650 Simon
718 3606 779 3664 Gry·
811 3604 868 3651 XL.
879 3620 900 3652 c.
914 3604 952 3651 18.
983 3606 1051 3650 Inter
1066 3604 1199 3654 &amoime
1209 3608 1241 3651 tta
1252 3605 1326 3658 divisa

259 3670 367 3716 nausia
388 3667 506 3715 Helvetiis
522 3668 668 3716 ann01531.
685 3675 780 3729 reperta
811 3670 894 3716 tuendo
908 3668 972 3715 denis
987 3668 1083 3713 novibus
1101 3672 1219 3716 aurisinae
1236 3682 1286 3722 oro,
1298 3675 1326 3716 ut

257 3733 508 3793 apudmonastarium
514 3733 696 3786 Laurisscnum
705 3735 779 3792 vulgo
807 3733 992 3793 proaoatorim
1006 3733 1037 3777 lis
1048 3732 1167 3780 Mhsrvoe
1182 3734 1243 3782 adut
1258 3734 1327 3781 cardo

262 3797 400 3851 Laterense,
428 3810 442 3843 e
471 3798 569 3858 regiam
591 3798 778 3857 Borbetomagi:
812 3799 837 3843 ia
848 3797 921 3843 medio
930 3801 993 3842 esset

261 3876 306 3909 asc
327 3863 389 3908 aliua
411 3867 494 3920 postea
515 3863 568 3908 erui
592 3862 672 3921 potuit
693 3863 778 3915 codex,
843 3861 860 3907 3
881 3861 912 3905 Ia
933 3861 1073 3920 Istrlamque
1096 3862 1177 3924 saum]
1207 3863 1326 3910 Beseribit

258 3940 367 3987 quocum
386 3926 428 3971 iila
446 3926 619 3972 consummor.
653 3925 692 3971 Ex
713 3925 781 3971 unici
812 3925 963 3971 Gronovius:
987 3926 1013 3970 iu
1033 3926 1131 3972 loriam
1149 3941 1241 3974 aarum
1262 3930 1328 3974 rtati-

250 3991 336 4052 igitur
357 3990 421 4036 illius
443 3991 588 4050 exemplaris
603 3991 650 4037 fida
665 3989 780 4049 descripti
812 4002 867 4034 oum
876 3988 1020 4048 prandiam.
1053 3989 1183 4049 Repentina
1197 3991 1277 4046 colon
1293 3993 1328 4038 vi·

259 4062 320 4100 sunt
330 4057 356 4104 hi
367 4055 429 4101 libri.
809 4055 881 4099 detur
891 4054 980 4111 exponi
991 4055 1076 4100 debere
1088 4054 1173 4099 cohors
1184 4068 1214 4101 ex
1225 4069 1254 4101 eo
1264 4057 1329 4102 mili·

292 4118 374 4173 aaut
389 4117 595 4179 mirmah-inti
610 4117 779 4163 muhamet
810 4117 1142 4177 tumgenaaquieuttrarti
1158 4119 1327 4178 passimaLi·

259 4182 518 4246 mennam]
537 4181 610 4228 Hunc
624 4181 706 4227 locum
725 4181 778 4227 selt-
810 4182 850 4228 vio
867 4181 1030 4228 nominantur.
1064 4181 1103 4228 Sic
1118 4181 1183 4227 intra
1197 4197 1219 4228 c.
1238 4183 1275 4230 10.
1292 4197 1328 4230 re·

260 4244 321 4290 citer
335 4246 474 4294 emanavit
489 4246 540 4292 sire
557 4244 713 4298 Florcbellm,
725 4245 777 4290 sive
805 4247 947 4307 paulam
957 4245 1124 4307 amalcarius,
1132 4246 1253 4294 candias.

260 4307 383 4366 Muretus,
401 4309 449 4358 hoe
467 4311 555 4359 modos
578 4310 619 4371 qul
637 4307 727 4358 emta
743 4310 778 4358 ol·
