2942 4750
315 187 370 244 irs
661 221 667 230 ·
707 182 816 243 ‘riri
841 180 974 242 mvn

176 363 222 414 .c.
235 362 291 411 sus
316 369 390 416 cum
418 347 553 413 dimidia
581 346 744 429 copiarum
774 357 865 431 parte
893 344 1086 410 denunciare
1120 365 1178 430 per
1210 346 1298 413 iicos
1332 369 1385 413 ur-

81 503 85 512 ,
178 430 291 480 ·⁰·¹⁶⁸·
316 437 444 522 besque,
469 458 542 523 quae
570 433 630 496 vire
659 432 850 517 propinquae
879 444 962 511 sunt,
989 432 1097 517 coepit,
1126 443 1161 495 ut
1189 448 1386 500 commeatus

317 523 516 608 expedirent,
545 518 704 595 frumenti,
735 519 811 596 vini,
836 540 986 603 pecorum
1011 531 1046 582 ut
1071 518 1164 601 copia
1188 532 1277 583 esset.
1316 521 1386 605 ipse

316 631 424 695 eqrros,
447 607 667 691 phalerasque,
690 618 722 669 et
743 604 863 692 sagula,
880 605 1001 670 donum
1016 604 1215 689 principibus
1235 605 1327 683 ferre,
1351 619 1386 671 et

316 716 429 781 parum
446 693 525 768 auri,
542 692 627 778 quod
644 692 726 755 inter
749 713 866 777 paucos
885 691 1049 768 divideret,
1067 691 1301 755 multitudinem
1316 714 1387 756 cre·

317 782 396 844 dens
418 780 499 843 trahi
523 801 579 860 spe
600 799 703 862 posse.
748 780 795 841 Ad
812 778 1009 842 “Almanam
1034 777 1145 840 urbem
1174 778 1327 862 pervenit,
1353 791 1388 843 et

316 866 351 929 in
376 866 445 946 ripa
467 865 606 928 fluminis
623 865 698 927 Axii
724 867 830 947 posuit
854 879 967 928 castra.
990 863 1324 927 circa⁴³llesudnbum
1348 863 1386 928 in

318 950 461 1016 Maedica
482 951 639 1014 exercitus
662 950 829 1013 Gallorum
853 951 1047 1024 consederat,
1063 950 1238 1012 mercedem
1258 962 1387 1034 pactam

317 1039 495 1122 opperiens.
540 1038 590 1099 Eo
607 1036 704 1098 mittit
721 1037 931 1118 Antigonum,
948 1058 987 1100 ex
1004 1035 1186 1119 purpuratis
1203 1057 1315 1114 uuum,
1330 1037 1388 1122 qui

313 1125 449 1209 juberet,
475 1122 709 1186 multitudinem
738 1122 905 1186 Gallorum
929 1122 969 1186 ad
994 1122 1150 1208 Bylazora
1173 1120 1330 1205 (Paeonius
1358 1122 1388 1185 is

317 1209 406 1274 locus
421 1215 480 1288 est)
498 1221 597 1272 castra
624 1229 758 1283 movere,
774 1210 936 1292 principes
959 1210 997 1270 ad
1019 1230 1052 1270 se
1073 1207 1181 1270 venire
1195 1208 1400 1292 frequentes..

317 1297 339 1328 ⁴⁴
349 1297 550 1382 septuaginta
565 1295 705 1378 quinque
721 1295 819 1356 millia
833 1294 875 1357 ab
890 1294 977 1358 Axio
988 1294 1118 1357 flumine
1131 1306 1163 1356 et
1177 1297 1286 1356 castris
1301 1292 1388 1380 regis

318 1380 461 1445 aberant.
517 1381 602 1444 Haec
625 1381 774 1443 mandata
790 1379 831 1443 od
851 1399 904 1443 eos
926 1402 1023 1467 quum
1048 1380 1226 1462 pertulisset
1247 1378 1387 1466 Antigo-

318 1488 388 1542 nus,
404 1468 639 1553 adjecissetque,
656 1488 714 1549 per
728 1467 809 1528 viam
826 1480 946 1550 quanta
957 1465 1099 1529 omnium
1117 1478 1293 1549 praeparata
1307 1471 1387 1530 cura

316 1553 400 1640 regis
425 1555 518 1636 copis
540 1551 734 1614 multitudini
756 1550 848 1632 soret,
864 1552 1043 1637 quibusque
1062 1551 1245 1614 muneribus
1267 1551 1387 1634 priuci-

316 1661 372 1723 pes
387 1639 599 1710 advenientes,
615 1639 717 1713 vestis,
734 1639 868 1721 argenti,
885 1658 1103 1723 equorumque
1125 1649 1312 1720 excepturus
1326 1658 1386 1701 rex

316 1737 405 1800 esset,
422 1726 463 1788 de
478 1726 525 1787 his
540 1724 666 1808 quidem
685 1733 721 1786 se
733 1729 839 1786 coram
860 1724 1044 1810 cognituros
1065 1721 1268 1806 respondent.
1289 1720 1382 1800 illud,

317 1812 404 1896 quod
442 1832 581 1894 praesens
610 1810 813 1896 pepigissent,
846 1810 1053 1896 interrogant,
1085 1808 1227 1892 “ecquid
1256 1829 1383 1885 aurum,

317 1898 402 1980 quod
426 1897 457 1959 in
481 1895 622 1982 singulos
642 1895 764 1978 pedites
786 1895 971 1981 equitesque
992 1893 1199 1959 dividendum
1219 1907 1310 1971 esset,
1334 1917 1384 1958 se·

318 2003 390 2044 cum
407 1981 617 2045 adduxisset?
639 1981 751 2056 Quum
766 1983 807 2046 ad
829 1981 862 2045 id
885 1981 963 2044 nihil
979 1979 1232 2065 responderetur,
1248 1979 1384 2044 Clondi-

318 2087 374 2128 cus
396 2067 523 2150 regulus
548 2089 669 2142 eorum,
694 2068 928 2143 Atintania
954 2090 1035 2151 ergo,
1062 2068 1174 2152 inquit,
1201 2068 1277 2151 regi,
1291 2069 1385 2132 “nisi

317 2173 428 2213 aarum
449 2153 620 2234 obsideamie
641 2156 835 2235 accepissent,
862 2175 1007 2237 nusquam
1033 2155 1105 2216 inde
1129 2152 1238 2216 Gallos
1264 2153 1384 2238 longius

317 2240 478 2318 uestigium
493 2250 629 2302 moturos,
677 2238 763 2302 Haec
778 2239 877 2302 relata
890 2240 958 2324 regi
980 2260 1079 2323 quum
1101 2250 1213 2315 essent,
1228 2237 1383 2303 advocato
1457 2303 1459 2318 ,

317 2323 459 2399 consilio,
477 2347 586 2411 quum,
602 2324 679 2413 quid
702 2347 812 2390 omnes
834 2326 955 2389 suasuri
977 2337 1089 2402 essent,
1104 2325 1280 2410 adpareret,
1303 2324 1380 2410 ipse,

316 2412 470 2494 pecuniae,
488 2435 583 2497 quam
603 2412 703 2499 regni,
722 2413 835 2475 melior
857 2425 971 2489 custos,
994 2412 1107 2476 institit
1129 2411 1170 2475 de
1191 2411 1326 2496 perfidia
1350 2423 1382 2475 et

315 2495 439 2562 feritate
459 2500 631 2565 Gallorum·
649 2498 811 2562 disserere.
868 2498 1038 2562 Multorum
1051 2498 1123 2581 jam
1148 2508 1221 2562 ante
1245 2500 1382 2562 cladibus

316 2596 479 2666 aspertum,
495 2587 696 2665 periculosum
718 2606 792 2660 esse,
808 2594 928 2647 tantam
946 2586 1163 2647 multitudinem
1186 2586 1219 2646 in
1235 2585 1381 2648 Macedo·
1457 2588 1458 2603 ³

315 2671 401 2732 niam
423 2672 566 2753 accipere,
590 2691 629 2729 ne
645 2671 805 2750 grauiores
826 2690 875 2732 eos
899 2671 991 2734 socios
1012 2670 1156 2750 labeant,
1177 2692 1264 2754 quom
1285 2671 1383 2735 tosta
1407 2712 1418 2736 .
1456 2672 1457 2703 ³

315 2754 481 2818 Romami.
528 2752 673 2834 Quinque
699 2754 801 2815 millio
822 2754 953 2836 equitum
974 2766 1024 2819 sat
1052 2777 1122 2832 esse,
1146 2756 1253 2839 quitus
1276 2766 1306 2819 at
1333 2759 1382 2821 uti

315 2842 359 2901 ad
371 2840 478 2903 bellarm
492 2847 619 2919 possent,
635 2847 665 2899 et
680 2858 806 2919 quoram
821 2842 1042 2905 multitudinem
1055 2841 1116 2924 ipsi
1130 2863 1189 2905 nou
1199 2845 1340 2908 timeant.

358 2925 508 2988 xxvii.
530 2923 744 3005 ⁴⁷Adparebat
763 2923 796 2986 iu
819 2925 979 3004 omnibus,
1002 2927 1180 2992 mercedem
1204 2928 1381 2994 multitudi-

315 3009 365 3073 nis
379 3012 499 3085 timere,
516 3030 574 3071 nec
611 3008 763 3094 uidquam
783 3009 887 3075 aliud:
899 3013 974 3089 aed,
991 3020 1089 3098 quum
1112 3013 1243 3077 suadere
1264 3035 1383 3080 consu·

315 3094 393 3159 lenti
425 3116 519 3158 nemo
547 3032 689 3175 auderet,
712 3095 884 3160 remittitur
906 3098 1096 3186 Antigonus,
1120 3101 1176 3186 qni
1203 3100 1382 3181 nunciaret,

346 3274 378 3322 42
394 3277 532 3340 Almanam]
551 3279 626 3326 Jubet
642 3281 691 3339 legi
701 3279 831 3327 Tumebus
894 3281 927 3327 44
942 3282 1096 3342 Septuaginta
1106 3282 1296 3345 quinquemillia]
1315 3282 1382 3331 Leu-
1423 3310 1429 3323 ·
1450 3305 1455 3330 ι

313 3336 436 3393 Attalum,
448 3349 473 3387 et
483 3344 586 3404 intelligi
603 3357 657 3390 eam
674 3345 831 3404 urbemque
863 3358 904 3390 eas
914 3352 1033 3391 nostrates
1044 3346 1083 3394 25.
1353 3377 1402 3405 u.

315 3402 747 3467 ePtolemreovoeeturAliaaopolir
760 3403 787 3454 ln
804 3411 832 3455 ti·
894 3408 927 3455 45
947 3410 1038 3468 Ecquid
1052 3425 1138 3456 auram
1154 3438 1219 3457 ....
1235 3410 1382 3476 adsum]
1421 3394 1454 3443 χ

314 3467 385 3513 nibus
397 3468 554 3519 Macedonio.
586 3472 693 3518 Ortelius
711 3485 761 3518 non
776 3487 831 3534 pro·
864 3472 945 3533 Magis
956 3473 1069 3532 placeret,
1080 3477 1146 3536 quod
1156 3475 1292 3523 Gronovius
1306 3474 1386 3540 mbji·

313 3531 356 3576 bet
378 3534 441 3580 hane
462 3534 571 3582 Turnebi
597 3531 772 3596 conjecturam,
794 3551 832 3584 re-
863 3537 912 3582 citz
929 3536 1062 3584 aduerunt.

314 3597 443 3656 scribitque
453 3600 584 3654 Aeneam,
601 3600 718 3659 oppidum
729 3600 832 3647 Thesea-
894 3600 927 3648 tu
943 3600 1005 3647 Nirl
1015 3615 1100 3649 aarum
1110 3634 1136 3649 ..
1150 3606 1295 3668 oacepmmt]
1313 3604 1382 3666 Lege

312 3658 353 3706 lire
370 3660 450 3707 Plinio
476 3671 638 3710 memoratum
660 3665 677 3709 l.
704 3663 751 3710 w.
767 3679 789 3712 c.
805 3666 831 3711 ii·
861 3678 919 3712 cum
930 3666 1015 3712 eodem
1026 3667 1148 3715 Gronovio
1274 3673 1292 3713 t·

312 3721 414 3787 Utrique
425 3727 482 3773 huie
493 3729 655 3774 emendationi
666 3741 753 3787 parum
764 3730 830 3776 vide·
893 3728 925 3778 47
940 3728 1071 3790 Apparebat
1082 3732 1108 3776 ia
1123 3731 1237 3793 milas]
1256 3732 1317 3779 Deie
1328 3736 1383 3781 sine

313 3794 353 3836 tur
375 3792 502 3836 convenire
523 3804 581 3837 cum
601 3793 710 3839 locorum
733 3792 782 3840 situ
804 3800 829 3839 et
860 3796 911 3842 ulla
926 3795 1077 3841 dubitatione
1092 3797 1295 3857 praepositionum
1329 3801 1384 3859 Ap-

312 3854 377 3902 Axio
389 3856 496 3901 flumine.
860 3861 959 3919 parebat
980 3860 1093 3906 omnibus
1114 3862 1144 3906 iis
1166 3861 1208 3920 qui
1229 3860 1256 3906 iu
1279 3863 1385 3910 consilio

343 3919 377 3967 43
396 3918 553 3980 Dmdoirrr]
582 3918 636 3965 iluc
663 3934 753 3966 nomen
779 3934 829 3968 nou
861 3931 939 3978 mut,
954 3924 1160 3971 simulatumeese
1177 3925 1248 3970 illum
1265 3925 1384 3974 timorem

311 3982 828 4045 immeritnmspectumestlaassronorto,
860 4001 934 4048 quem
952 3983 1081 4048 jactitabat
1100 3988 1218 4035 Perseuse
1244 4003 1288 4036 nec
1310 3991 1385 4049 quid.

311 4049 354 4105 qui
374 4054 456 4095 mutat
477 4049 538 4094 illud
559 4048 584 4093 in
607 4046 745 4102 AEdmame
768 4062 826 4109 quie
858 4065 933 4112 quern
944 4054 1010 4099 aliud
1021 4065 1077 4098 eum
1090 4066 1105 4097 a
1115 4053 1274 4100 multitudine
1283 4055 1383 4111 timere,

310 4112 370 4157 urbs
380 4114 425 4158 etsi
434 4112 528 4160 Edonis
539 4113 612 4173 vulgo
628 4112 776 4166 attribuitur,
786 4114 826 4159 ni·
857 4129 933 4175 quam
949 4118 1144 4177 magnitudinem
1160 4119 1270 4177 pecuniae
1284 4131 1342 4179 quoe
1353 4119 1381 4165 in

310 4171 346 4216 hil
361 4182 444 4223 tamen
456 4184 522 4224 vetat
540 4190 595 4224 eam
613 4174 744 4236 aitqumdo
760 4176 827 4224 hebi·
859 4175 913 4241 ejus
923 4180 1088 4229 multitudinis
1098 4181 1247 4242 stipendium
1258 4185 1382 4244 magari&

309 4238 827 4345 'lqgmfuineiniumllaedicmquolldoolr
858 4249 929 4291 enei.
