2942 4750
267 138 326 195 m
560 146 565 153 ·
670 138 915 209 EPITOMAE

267 308 430 384 arctequam
454 312 633 388 quastmam
651 318 784 392 gereret,
808 332 846 374 ee
860 312 1125 399 equiteRmrano)
1139 318 1336 384 tribunitiam
1435 382 1448 403 ,

260 394 445 469 potestatem
464 393 669 455 restituenmt.
712 395 841 461 Judr'cia
866 422 982 487 quaque
1001 406 1078 486 “per
1102 406 1145 470 L.
1171 406 1336 471 Aurelirmc

268 472 389 538 mnan
397 486 562 557 pretorem
575 479 620 540 cd
629 482 743 563 equites
752 480 908 552 Romanos
919 492 1070 555 translato
1080 502 1158 556 sunt.
1203 493 1335 557 Mutri-

267 559 364 637 dates,
387 562 594 645 desperatione
616 587 719 630 rerum
744 588 865 637 suanum
887 587 1016 655 coactus,
1033 580 1077 642 ad
1094 579 1255 665 IIgranem
1269 582 1334 645 Aa

264 648 374 710 niensis
383 668 481 733 regem
490 651 636 736 coryugit.

688 858 895 948 XCVIII.

305 1007 480 1090 Macltares,
494 1014 591 1099 filius
609 1016 821 1103 Mithridatis,
842 1026 978 1109 Bospmi
991 1052 1055 1107 ree,
1077 1031 1117 1094 ab
1138 1032 1181 1098 L.
1196 1034 1329 1103 Lucullo

262 1096 297 1158 in
311 1099 476 1163 amicitiam
490 1114 624 1185 receptus
638 1116 690 1169 est.
737 1110 794 1172 Cu.
813 1110 958 1178 lentrelus
968 1126 998 1179 et
1006 1118 1047 1181 L.
1061 1115 1183 1183 Gellius
1192 1144 1330 1191 censores

261 1201 399 1265 asperam
414 1207 567 1253 censuram
583 1202 714 1274 egerunt,
731 1206 861 1278 quatuor
874 1210 904 1263 et
917 1206 1077 1287 sexaginta
1090 1218 1197 1271 senatu
1217 1214 1326 1275 mote'sr

259 1288 284 1329 a
297 1269 413 1353 quibus,
426 1274 521 1337 lustro
532 1279 661 1354 emidito,
677 1301 767 1343 censa
779 1294 848 1347 stent
861 1288 969 1350 civium
981 1291 1086 1373 capita
1096 1296 1325 1381 quadringenta

260 1356 488 1442 quinquaginta
511 1365 619 1428 millia.
665 1367 704 1431 L.
718 1368 864 1436 Metellus
884 1385 1001 1455 pretor
1019 1378 1072 1440 ”in
1086 1380 1197 1445 Sicilia
1215 1385 1326 1447 odom·

259 1460 310 1504 sus
319 1444 444 1527 piratas
452 1468 600 1531 prospere
609 1475 673 1516 rem
686 1455 790 1538 gessit.
841 1459 992 1544 Templum
1007 1464 1095 1528 louis
1107 1468 1141 1529 in
1159 1469 1323 1550 Capitolio,

260 1530 343 1609 quod
354 1531 491 1596 incendio
505 1549 683 1603 consumtum
705 1562 743 1604 oc
756 1540 895 1624 refectum
915 1557 992 1629 erat,
1007 1572 1028 1612 a
1051 1550 1099 1627 Q.
1117 1555 1226 1617 Catulo
1240 1558 1324 1620 dedi-

259 1622 355 1678 catum
377 1628 430 1680 est.
474 1621 514 1684 L.
530 1622 676 1690 Lucullus
689 1627 721 1689 in
744 1630 894 1696 Armenia
909 1633 1127 1713 Mithridatem
1153 1651 1183 1704 et
1208 1641 1322 1727 Tegra·

257 1700 334 1776 nim,
350 1712 380 1765 et
396 1705 528 1790 ingentes
540 1710 691 1796 utrimque
704 1716 786 1799 regis
800 1721 915 1800 copias,
924 1723 1065 1803 pluribus
1081 1729 1204 1808 preliis
1215 1729 1324 1812 fudit.

261 1783 303 1861 Q.
318 1787 464 1855 Metellus
472 1797 645 1875 procoruul,
661 1799 738 1862 bella
760 1802 820 1865 sibi
836 1808 978 1873 aduersus
995 1810 1151 1876 Cretenses
1164 1818 1320 1897 mandato,

259 1872 426 1955 Cydoniam
454 1880 558 1942 urbem
585 1882 706 1949 obsedit.
754 1889 787 1952 C.
809 1890 957 1973 Triarius,
980 1896 1097 1981 legatus
1112 1899 1244 1979 broelli,
1263 1905 1321 1966 ad·

255 1975 357 2022 versia
371 1961 588 2030 Mithridatem
602 1991 713 2051 parum
732 1994 879 2057 prospere
890 1984 1053 2066 pugnauit.
1096 1986 1266 2065 Lucullum,
1282 2010 1322 2054 ne

248 2058 481 2127 persequeretur
495 2052 713 2121 Mithridatem
726 2079 764 2122 ac
783 2061 958 2148 Tigranem,
974 2091 1172 2156 summamque
1184 2076 1322 2139 victoria

254 2128 421 2210 inponeret,
436 2138 546 2201 seditio
570 2142 698 2209 militum
715 2149 825 2228 tenuit,
848 2154 923 2237 quia
937 2157 1023 2238 sequi
1035 2159 1195 2224 nolebant:
1215 2161 1319 2238 idest,
1448 2230 1457 2247 ,

254 2215 327 2296 quia
356 2216 509 2305 ⁸⁰legiones
535 2225 720 2310 Valeriana,
748 2235 867 2318 inpleta
891 2263 912 2303 a
936 2263 969 2305 se
995 2242 1150 2328 stipendia
1174 2247 1316 2326 diemo,
1425 2276 1432 2291 ·

254 2298 412 2370 hiulton
425 2307 620 2396 reliquerunt.

694 2523 857 2613 XCIX.

296 2674 342 2749 Q.
360 2675 508 2743 Metellus
527 2688 688 2764 proconsul
704 2689 854 2772 mensori,
869 2708 901 2762 et
924 2700 1063 2787 lpetrms,
1078 2716 1109 2772 et
1135 2703 1311 2795 Cydoniam,

249 2770 279 2823 et
293 2761 371 2824 alias
387 2765 538 2844 plurimas
551 2771 636 2835 urbes
654 2781 851 2863 expugnavit.
897 2786 936 2849 L
950 2789 1078 2858 Roscius
1090 2793 1226 2861 tribunus
1242 2800 1311 2882 ple·
1368 2762 1407 2870 λ
1434 2834 1440 2850 ·

247 2844 292 2909 bis
305 2845 404 2931 legem
418 2850 495 2928 tulit,
519 2864 554 2916 ut
577 2860 728 2941 equitibus
743 2864 892 2934 Romanis
906 2874 939 2935 in
953 2877 1075 2944 theatro
1089 2887 1310 2964 quantordecim

244 2931 364 3079 pradis
385 2938 521 3016 proximi
532 2943 777 3028 adsignarenttu:
823 2955 878 3020 Cn.
893 2961 1064 3045 Pompeius,
1079 2970 1148 3052 lege
1161 2971 1205 3034 ad
1214 2993 1310 3056 popu·

257 3037 306 3079 um
335 3020 412 3097 lata,
433 3031 578 3110 persequi
599 3031 719 3111 piratas
736 3036 852 3119 jussu,
877 3049 932 3130 qui
955 3055 1155 3117 commercium
1180 3078 1312 3126 annona

242 3102 482 3188 intercisamant,
497 3112 581 3177 intra
604 3122 863 3206 quadragesimum
878 3134 957 3198 diem
973 3146 1037 3200 toto
1051 3140 1130 3203 mari
1142 3163 1192 3206 eos
1215 3167 1310 3229 eapu-

241 3189 299 3263 tit,-
323 3194 455 3280 Itelloque
467 3220 532 3263 mem
556 3202 594 3266 tis
616 3204 649 3266 in
666 3207 927 3301 Ciliciaconfecto,
942 3225 1070 3307 acceptis
1083 3228 1115 3290 in
1128 3229 1309 3300 deditionem
1422 3286 1430 3303 .

234 3279 359 3357 piratis
371 3304 466 3365 agros
476 3296 506 3350 et
517 3288 604 3354 mdes
617 3292 712 3357 dedit.
754 3299 912 3368 Preterea
922 3329 970 3371 res
977 3323 1081 3392 gestas
1091 3335 1111 3377 a
1123 3312 1169 3389 Q.
1180 3319 1310 3387 Metello

240 3364 385 3431 adversus
402 3369 554 3440 Cretenses
566 3378 718 3445 cantuset:
741 3393 770 3446 et
790 3391 935 3470 epistolas
956 3395 1081 3463 Metelli
1099 3412 1129 3466 et
1145 3401 1198 3471 Cn
1213 3410 1309 3473 Pom-

239 3600 267 3655 tt,
278 3604 306 3647 ut
460 3623 493 3668 pr
566 3617 754 3682 ‚destructum
787 3631 835 3672 tres
851 3629 954 3686 ordines,
971 3645 1092 3697 senatum,
1107 3646 1208 3705 equites,
1219 3652 1245 3692 et
1264 3649 1308 3695 tri-
1429 3685 1432 3688 Δ

238 3664 373 3713 Gronovius
395 3670 532 3750 delendum·
548 3681 629 3754 pottus
652 3685 752 3746 attqutd,
786 3690 863 3738 bunos
874 3696 977 3743 oemfiou
1006 3700 1063 3750 vid.
1075 3707 1139 3754 infra
1148 3724 1169 3756 c.
1181 3712 1220 3760 38
1232 3709 1307 3776 hujus

237 3741 313 3790 qm
330 3732 505 3786 tomtoendum
520 3744 648 3802 judicavit,
662 3748 752 3797 torma·
784 3754 848 3805 libri.

238 3795 321 3858 vitque
342 3797 405 3846 hanc
430 3800 558 3851 lectionem
585 3821 659 3868 quam
679 3820 756 3864 secuti
820 3821 852 3867 59
867 3824 899 3870 In
910 3825 1003 3893 statu]
1022 3832 1075 3879 Hoc
1086 3836 1187 3888 debetur
1196 3844 1304 3905 Sigoaio,

237 3869 329 3908 nimus.
787 3897 863 3944 quum
875 3891 942 3948 prius
952 3895 1071 3956 legeretur
1082 3901 1107 3945 tn
1120 3902 1210 3953 Cilicia.
1231 3909 1304 3984 Itane
