2942 4750
144 168 150 180 '
215 153 306 231 noli
610 140 955 223 PRAEFATIO.

230 366 267 428 et
281 375 536 451 umerum
554 358 744 446 poteretur
768 351 838 421 otii
862 345 979 420 nostri
1002 342 1113 416 'ratio
1161 338 1257 415 ‘Hoc
1276 349 1337 417 ta·
1371 296 1424 401 σῃ

231 488 317 542 men
342 465 486 564 Augias,
503 461 690 538 stabulum
718 462 955 560 purgandum
985 455 1149 555 aggressi
1175 481 1309 531 sumus
1324 484 1340 533 ε,

231 582 417 680 ingratum
433 604 545 677 supra
561 603 674 674 quam
692 577 768 651 dici
787 577 906 674 possit
930 575 1109 659 lahorem,
1127 580 1165 646 et
1186 572 1339 677 fastidii
1431 628 1438 639 .

111 744 117 757 ·
231 697 496 795 plenissimum,
533 704 571 768 et
602 694 653 767 ad
686 692 876 791 operarios
908 691 1130 787 bajulosque
1161 689 1334 795 relegan-
1395 683 1403 705 ⁸

97 798 115 825 ⁹
162 884 166 894 ,
233 814 334 887 duin
384 812 487 894 Quot
503 808 555 882 ihi
566 811 651 882 fixae
663 808 773 883 nohis
783 809 934 882 cruces!
960 817 1053 904 quot
1069 804 1249 879 molestia
1265 805 1341 878 de-.

232 926 426 1001 voranda!
452 923 626 998 Fecimvm
644 933 781 1012 tamen,
799 920 1103 1021 quantumlicuit
1117 946 1184 1018 per
1200 920 1337 995 immass
1408 1004 1416 1027 .

95 1082 98 1105 ·
230 1066 318 1117 nem
349 1041 402 1115 rei
434 1039 713 1114 difficultatem:
757 1063 827 1113 nec
861 1038 978 1111 otium
1010 1046 1191 1122 nostrum,
1225 1036 1336 1133 qnod,

231 1155 376 1231 nnllam
392 1165 460 1243 est,
479 1156 548 1231 scd
564 1156 683 1229 bonas
700 1179 801 1252 sape
816 1163 855 1227 et
880 1153 945 1228 diu
961 1154 1073 1227 horas
1089 1151 1334 1226 contrivimus

232 1271 271 1347 ia
296 1295 372 1344 uno
402 1280 468 1347 aut
500 1271 617 1345 altero
646 1270 799 1345 verbulo
826 1270 1030 1344 undeunde
1056 1260 1333 1364 investigando,

230 1385 270 1461 in
285 1386 484 1484 captandis
501 1387 662 1461 obscura
677 1386 886 1460 admodum
902 1383 1130 1461 divinatione
1141 1383 1199 1457 vel
1217 1383 1333 1481 scrip

231 1512 353 1583 tomm
386 1501 611 1589 nominihus,
644 1502 700 1576 vel
737 1502 914 1579 librorum
945 1499 1119 1587 numeris,
1153 1498 1333 1573 miseran·

233 1617 326 1693 dum
349 1617 399 1696 in,
413 1618 570 1693 modum
595 1617 822 1704 deformatis,
849 1616 1051 1693 tumeatis:
1078 1614 1252 1689 mutilata
1267 1617 1334 1690 ab·

233 1733 423 1821 solvimus,
452 1735 656 1832 depravata
680 1733 920 1819 correximus,
938 1733 1069 1807 luxata
1084 1741 1122 1806 et
1137 1730 1238 1805 male
1255 1731 1334 1805 col-

233 1846 397 1924 locatae
412 1850 518 1924 tertia
536 1850 723 1924 interdum
740 1859 828 1923 ante
842 1858 974 1946 postve
995 1847 1135 1946 pagina
1150 1847 1190 1919 in
1205 1847 1333 1922 locum

232 1987 342 2035 suum
368 1965 634 2055 revocavimus,
664 1965 840 2060 quaedam
868 1964 980 2037 etiam
1012 1961 1163 2041 omnino
1194 1961 1334 2043 omissa

233 2075 460 2164 addidimus,
489 2088 533 2151 ut
559 2077 709 2175 ubique,
740 2079 772 2153 si
799 2079 878 2153 ficri
902 2089 1043 2177 posset,
1069 2103 1139 2152 sua
1158 2079 1269 2161 rebus
1294 2077 1333 2151 in

79 2238 109 2311 1-
176 2252 179 2260 .
236 2202 414 2266 contextu
431 2193 553 2292 operis
570 2194 785 2270 memoratis
808 2205 998 2270 constaret
1025 2193 1247 2269 auctoritas:
1273 2193 1333 2267 cui

237 2308 476 2385 adstruendae
494 2308 525 2385 si
542 2312 696 2408 quando
712 2311 913 2411 scriptores
937 2309 1192 2386 Freinshemio
1212 2307 1333 2406 junio

165 2512 170 2522 ¹
235 2451 294 2501 res
310 2425 437 2500 idonei
451 2435 653 2515 erant-eos
670 2427 785 2502 citare
801 2438 914 2502 testes
929 2451 1006 2503 non
1018 2426 1122 2501 veriti
1138 2450 1280 2528 sumus.
1329 2481 1335 2490 ·

88 2577 97 2610 ι
124 2562 149 2610 ιι
175 2564 203 2612 n
286 2542 402 2625 Quod
418 2541 660 2637 inejusmodi
675 2543 827 2639 negotio
844 2541 1066 2620 nonomnia
1091 2543 1141 2616 ad
1165 2567 1251 2648 eam
1272 2542 1334 2615 ah

180 2656 459 2739 r,solutionem
483 2659 665 2754 perducta
681 2668 780 2745 sunt,
797 2669 841 2733 ut
860 2658 953 2732 nihil
976 2657 1335 2768 omninodesidora·⁸

70 2692 205 2868 ἰᾙζ
234 2771 266 2844 ri
280 2779 405 2869 queat,
420 2772 529 2847 facile
550 2775 784 2848 condonabit
805 2800 935 2872 aequus
959 2774 1087 2849 lector.
1122 2773 1186 2854 „ln
1208 2772 1364 2871 melioy

128 2916 136 2933 ·
233 2908 311 2960 rem
344 2897 443 2959 certe
475 2887 761 2986 nitidioremqne
798 2890 917 2963 multo
951 2891 1108 2964 formam
1140 2890 1335 2974 redactam·

232 3007 315 3076 esse
344 2999 453 3076 facile
479 3000 563 3099 ipso
586 3002 722 3078 intuitu
748 3005 1014 3102 deprehendet
1042 3005 1209 3105 quisquis
1236 3005 1334 3080 hanc
1387 3043 1389 3045 ·

233 3116 436 3194 editionem
462 3143 550 3194 cum
582 3118 792 3216 Dujatiana
824 3124 1032 3197 contulerit.
1084 3122 1188 3206 Quin
1218 3132 1259 3196 et
1289 3146 1334 3208 ea

233 3261 317 3333 quae
333 3236 470 3334 requiri
486 3246 655 3333 possunt,
673 3237 821 3310 nonita
836 3238 966 3325 multa,
989 3248 1028 3313 et
1043 3262 1160 3336 parva
1173 3237 1333 3335 plerum-

233 3375 307 3446 que
323 3361 412 3424 sunt
420 3376 434 3454 ‚²
461 3351 762 3450 confidimusque
779 3353 876 3428 hanc
894 3355 977 3449 jam
992 3354 1202 3440 utilitatem,
1219 3376 1333 3450 quam

88 3506 115 3582 ''ss
145 3507 154 3512 ·›
226 3463 414 3561 spectavit
441 3463 728 3555 Freinshemius,
757 3470 908 3563 exejus
931 3492 1042 3567 opere
1067 3469 1334 3567 percommode

110 3649 113 3654 ,
234 3578 318 3676 oapi
334 3603 457 3676 posse,
475 3590 518 3655 ut
534 3606 620 3655 cum
646 3583 861 3680 cognitione
885 3610 1008 3660 rerum
1035 3585 1139 3660 adsit
1158 3584 1334 3682 expedita

71 3766 192 3874 Girrrmlll

69 3890 311 4002 additlmiuh.

234 3692 284 3774 ad
301 3692 422 3772 fontes
438 3695 651 3769 recurrendi
667 3696 838 3773 facultas.

285 3808 408 3886 Erunt
434 3812 592 3886 fortasse
614 3811 750 3909 quihus
773 3812 1004 3911 placuisset
994 3813 1160 3913 insigniri
1187 3815 1333 3889 insertis

176 3949 273 4011 ,ru
300 3949 424 4022 ipsum
453 3927 576 4024 operis
603 3950 739 4024 corpus
770 3928 966 4017 asteriscis,
993 3931 1051 4005 vel
1077 3932 1253 4024 numeris,
1275 3929 1332 4004 vel

69 4023 374 4130 tmhttans
389 4039 504 4124 locos
511 4065 577 4123 eos
593 4042 644 4120 ad
660 4065 757 4140 qnos
778 4046 972 4128 referenda
996 4054 1085 4124 sunt
1110 4047 1335 4177 scriptorum

69 4150 243 4194 lornano-⁸

233 4178 273 4232 in
289 4154 454 4250 margine
470 4156 716 4253 allegatorum
742 4160 906 4236 nomina.
959 4162 1152 4246 Quibus
1123 4188 1155 4239 ει
1172 4163 1245 4238 hoc
1262 4162 1335 4272 pri·
