2942 4750
400 230 493 293 ΜΒ.
512 231 615 294 XLII.
650 231 748 293 CAP.
769 232 914 293 XLVIII.
1143 242 1183 304 rt

114 398 207 477 uiuri,
220 397 269 460 cai
281 394 426 478 confessio
439 418 578 477 expressa
598 398 645 474 ait,
660 419 692 461 se
713 418 810 481 neque
828 407 907 475 arte,
925 418 1021 482 neque
1034 419 1114 481 carra,
1128 403 1259 473 seduc.
1269 423 1326 474 εει.

117 480 242 546 mutatis
269 485 402 546 cominus
423 484 549 559 uiribus,
565 482 654 565 justo
676 504 712 546 uc
730 486 789 565 pio
816 484 894 547 dello
917 505 980 547 esse
1001 487 1258 565 operataue&
1271 488 1326 537 ffl·

118 567 368 644 Haec-seniores,
386 567 500 653 quibus
521 589 607 630 nova
627 566 698 630 haec
719 570 824 632 minus
845 568 992 651 placebat
1018 570 1180 654 sapientia.

114 654 186 717 vicit
200 664 307 717 tamen
323 674 361 716 ea
375 675 447 736 pars
470 664 607 728 senatus,
623 652 676 715 cui
692 654 797 737 potior
814 653 908 733 utilis,
924 676 1020 739 quam
1042 654 1181 735 honesti,

112 761 188 803 cura
206 752 284 815 erat,
299 749 337 801 ut
351 738 613 822 comprobaretur
633 739 722 822 prior
740 737 858 824 legatio
885 739 1013 819 Marcii,
1038 744 1059 775 ‘²
1072 753 1104 805 et
1116 765 1180 811 ,eoa

112 826 183 888 dem
198 824 310 888 rursu's
323 825 357 887 in
374 825 534 887 Graeciam
555 845 630 887 cum
652 825 933 909 quinqueremibus
955 826 1179 906 remitteretur,
1189 841 1343 892 tauream

109 910 339 996 jubereturque
364 922 478 986 cetera,
503 909 549 973 uti
572 908 775 992 erepublica
796 910 936 975 maxime
964 912 1066 977 visum
1087 926 1179 991 esset,
1188 907 1329 956 ΨΜ

111 1018 214 1082 agere.
260 998 301 1059 A.
317 1017 446 1081 quoque
460 994 596 1059 Atilium
611 996 767 1058 miserunt
780 995 820 1059 ad
836 996 1056 1081 occupandam
1072 997 1180 1064 Laris·
1215 990 1218 999 ’

111 1102 177 1144 sam
199 1081 235 1144 in
258 1079 433 1158 Thessalia,
450 1081 609 1156 timentes,
627 1102 676 1157 ne,
693 1081 718 1143 si
740 1081 941 1146 induciarum
963 1081 1030 1148 dies
1052 1084 1178 1164 exisset,

113 1165 258 1243 Perseus,
279 1166 429 1250 praesidio
450 1173 509 1229 eot
531 1167 635 1241 misso,
652 1179 749 1251 caput
770 1166 944 1231 Thessalia
967 1167 1001 1231 in
1024 1182 1181 1252 potestate

110 1250 253 1317 haberet.
296 1251 377 1315 Duo
390 1251 490 1315 millia
510 1251 652 1335 peditum
677 1252 796 1315 Atilius
817 1254 858 1314 ab
881 1252 942 1315 Cn.
960 1252 1080 1319 Sicinio
1097 1256 1180 1320 acci·

110 1359 186 1422 pere
207 1337 248 1402 ad
271 1359 339 1400 eam
361 1359 429 1401 rem
452 1336 606 1424 agendam
624 1338 743 1422 jussus.
774 1348 806 1399 et
828 1337 863 1400 P.
883 1337 1033 1416 Lentulo,
1058 1341 1113 1425 qui
1138 1363 1180 1405 ex

109 1423 231 1488 Achaia
260 1423 408 1499 redierat,
438 1424 595 1486 trecenti⁰
625 1422 740 1485 milites
763 1421 867 1485 Italici
895 1424 1020 1507 generis
1043 1424 1119 1504 dati,
1143 1440 1181 1490 ut

109 1509 130 1544 '⁸
141 1509 265 1574 Thebis
279 1508 371 1572 daret
384 1531 526 1592 oporam,
544 1521 578 1571 ut
593 1508 626 1571 in
641 1518 796 1590 potestate
812 1506 938 1573 Boeotia
952 1521 1044 1575 esset.

154 1594 312 1658 XLVIII.
337 1593 401 1658 His
414 1594 611 1679 praeparatis,
630 1614 821 1678 quamquam
844 1596 883 1658 ad
904 1595 1024 1660 bellum
1047 1594 1342 1674 consiliatsgaaroe.

108 1695 204 1744 erant
230 1678 394 1756 destinata,
421 1691 564 1742 senatum
594 1690 698 1742 tamen
727 1682 865 1762 praeberi
900 1680 1012 1765 legatis
1047 1678 1318 1765 placuitfflffi

107 1765 232 1830 Eadem
247 1764 321 1842 fere,
362 1788 412 1828 uae
435 1765 468 1828 in
489 1763 660 1849 conloquio
674 1763 715 1828 ab
730 1787 805 1852 rege
825 1764 911 1830 dicta
930 1778 1031 1842 erant,
1047 1769 1067 1801 ⁸⁸
1081 1766 1181 1831 relata

107 1851 151 1915 ab
174 1850 294 1939 legatis.
339 1788 533 1914 lusidiarum
565 1849 702 1913 Eumeni
723 1849 882 1915 factarum
903 1853 1035 1927 crimen,
1059 1863 1091 1914 et
1113 1871 1180 1914 ma-

106 1937 197 2001 xima
217 1958 304 2015 cura,
327 1950 359 2000 at
381 1937 512 2000 minime
533 1948 640 2000 tamen
661 1935 881 2020 probabiliter,
902 1935 1080 2017 (manifesta
1094 1936 1179 2000 enim

106 2043 160 2086 res
181 2024 263 2102 erat)
285 2022 459 2086 defensum.
511 2021 627 2086 Cetera
648 2022 829 2106 deprecatio
851 2032 938 2086 erat:
969 2022 1022 2087 sed
1046 2043 1110 2086 non
1133 2023 1179 2086 eis

104 2107 222 2172 animis
244 2107 465 2184 audiebantur,
479 2108 533 2193 qui
554 2120 610 2171 aut
632 2107 751 2185 doceri,
765 2124 819 2173 aut
832 2108 915 2172 flecti
933 2121 1070 2194 possent.
1109 2109 1177 2173 Dc·

101 2194 306 2272 nunciatum,
335 2192 495 2277 extemplo
523 2192 686 2257 moenibus
707 2197 796 2257 urbis
827 2195 953 2269 Romae,
979 2194 1071 2258 ltalia
1093 2193 1309 2261 intremescere

100 2279 307 2375 trigesimum
328 2276 412 2339 diem
435 2276 638 2340 excederent.
694 2278 733 2339 P.
756 2277 882 2340 Licinio
907 2274 1340 2356 deinueoonsuli,1t²1i=tu·t

101 2383 164 2427 cur
180 2360 375 2423 Macedonia
397 2361 562 2443 provincia
580 2360 762 2432 obvenerat,
778 2361 1018 2439 denunciatum,
1033 2374 1070 2423 ut
1088 2383 1180 2424 exer·

102 2446 189 2513 citui
205 2442 292 2506 diem
308 2446 444 2525 primam
465 2462 624 2523 quamque
643 2442 764 2501 diceret
779 2443 1096 2504 adconveniendum.
1141 2444 1317 2510 Caucasia

103 2529 286 2600 Lucretius
306 2539 438 2611 praetor,
462 2524 514 2588 cui
537 2522 644 2586 classis
665 2522 829 2606 provincia
850 2533 928 2599 erat,
952 2545 1024 2588 curn
1046 2523 1342 2611 quadra-Prosec-

33 2677 41 2694 ,
102 2618 200 2707 ginta
223 2610 505 2700 quinqueremibus
528 2608 569 2672 ab
591 2608 669 2671 urbe
689 2606 866 2691 profectus:
900 2629 972 2672 narn
995 2633 1034 2674 ex
1057 2589 1329 2714 refectisffm·

104 2700 244 2768 navibus
272 2702 349 2762 alias
379 2697 411 2760 in
441 2695 539 2759 alium
569 2716 662 2758 asum
686 2694 815 2757 retineri
844 2693 883 2758 ad
915 2694 1024 2761 urbem
1047 2698 1179 2782 placuit.

17 2827 18 2832 κ
106 2786 296 2855 Praemissus
311 2807 330 2848 a
345 2796 482 2869 praetore
498 2793 547 2844 eat
559 2783 582 2814 ‘⁸
592 2778 689 2844 frater
709 2779 903 2844 Lucretius¹
924 2803 996 2845 cum
1021 2786 1179 2870 quinque-

17 2883 18 2924 t
107 2895 198 2938 reme
213 2894 292 2935 una:
314 2871 494 2955 jussusque,
510 2869 549 2931 ab
565 2866 658 2930 sociis
680 2888 720 2930 ex
733 2864 853 2929 foedere
875 2869 1011 2951 acceptis
1033 2871 1176 2948 navibus,

17 2963 18 2974 ’
106 2959 150 3024 ad
166 2955 406 3041 Cephalleniam
422 2952 515 3017 classi
535 2954 716 3016 obcurrere.
742 2952 782 3014 ab
798 2951 952 3036 Rheginis
966 2954 1087 3018 triremi
1102 2978 1177 3033 una,

107 3046 152 3109 ab
167 3043 279 3106 Locris
293 3041 426 3114 duabus,
448 3038 488 3103 ab
504 3036 650 3102 Uritibus
664 3047 812 3122 quatuor,
827 3053 946 3118 praeter
967 3059 1057 3101 oram
1076 3038 1179 3108 Italia

108 3141 314 3212 supervectus
344 3124 501 3189 Calabria
529 3137 708 3186 extremum
738 3122 992 3203 promontorium
1023 3123 1055 3187 in
1085 3123 1179 3192 Ionio

109 3214 203 3290 mari,
229 3209 468 3297 Dyrrhachium
490 3207 615 3293 trajicit.
660 3207 711 3271 Ibi
735 3207 845 3270 dacem
867 3209 1007 3290 ipsorum
1030 3209 1179 3296 Dyrrhaf

17 3295 19 3310 ⁸
108 3299 290 3374 obinoram,
305 3295 475 3360 duodecim
499 3292 679 3371 Iasaeorum,
695 3292 925 3378 quinquaginta
939 3306 1075 3378 quatuor
1091 3296 1178 3360 Gen-

109 3384 149 3449 tii
168 3384 251 3469 regia
273 3381 394 3445 lembos
417 3393 537 3456 nactus,
564 3377 716 3442 simulans
738 3400 771 3440 se
792 3379 928 3464 credere,
952 3401 1006 3443 eos
1028 3381 1059 3443 in
1082 3403 1177 3448 usum

112 3471 334 3535 Romanorum
349 3478 547 3550 comparatos
569 3486 645 3538 eoae,
668 3463 817 3526 omnibus
839 3462 995 3539 abductis,
1011 3464 1063 3528 die
1085 3468 1178 3530 tertio

112 3557 300 3641 Corcyram,
314 3552 390 3616 inde
408 3552 555 3637 protinus
569 3549 603 3612 in
619 3547 859 3631 Cephalleniam
882 3549 1005 3633 trajicit.
1050 3550 1087 3616 C.
1110 3551 1177 3616 Lu·

207 3687 394 3734 ‘eodelGron
407 3686 476 3732 Crer.
541 3681 730 3729 etreoentEaed.
800 3681 1000 3731 ’Μινυῶν
1010 3684 1079 3731 Cher.

143 3809 176 3857 ⁶2
193 3809 228 3855 Et
251 3807 326 3855 eodm
346 3822 429 3854 mm
450 3809 476 3853 la
498 3802 627 3866 Graeclam]
693 3798 947 3864 sequebamur
958 3817 1069 3859 manens,
1080 3803 1177 3851 'Ihebw

110 3874 181 3921 ‘Iolla
193 3874 254 3918 duas
269 3879 403 3932 postremas
419 3884 497 3924 voces,
514 3867 629 3915 manifes-
661 3873 756 3912 tenens.

109 3945 164 3986 tum
176 3938 306 3998 glottam,
321 3936 500 3994 iuterpretando
511 3935 544 3993 aa}
554 3930 629 3977 codem
693 3929 846 3994 54⁸&ou
865 3933 961 3980 Iterata.

108 4003 193 4063 inepte
208 4001 325 4046 additum.
356 3999 425 4044 Idam
447 3999 518 4057 plane
541 3994 628 4040 vitium
692 3994 725 4040 55
740 3995 827 4042 Frater
838 3995 877 4040 Μ.
894 3992 1030 4054 umatus]
1047 3993 1076 4038 In
1093 3989 1177 4050 vulga.

108 4068 239 4127 irrepserat
257 4078 330 4124 supra
351 4065 368 4109 l.
390 4060 531 4106 XXXVII.
551 4073 572 4105 c·
591 4058 627 4104 la.
661 4053 1178 4120 ushicpraetorisfraaemretproenomine.

109 4130 187 4177 mena
205 4126 394 4186 Adramytteum,
417 4124 459 4169 ubi
478 4124 564 4169 itidem
586 4136 628 4168 uo-
660 4121 894 4169 aestumasset
909 4123 955 4165 hoc
969 4119 1177 4167 locoexttuctori.

110 4207 167 4240 men
178 4192 246 4238 urbia
257 4192 392 4237 tollendum
409 4201 462 4234 cete
480 4187 626 4233 monuimus
660 4193 710 4233 tate
721 4186 847 4238 Gronovil,
859 4184 901 4241 qul
912 4178 1047 4253 observavit
1063 4192 1120 4230 eum
1136 4197 1177 4252 ψ

112 4256 160 4304 tue
171 4257 267 4302 videtin
278 4261 395 4315 praterea
410 4251 526 4300 excidisse
543 4263 628 4297 nume·
659 4251 744 4313 pellan
755 4251 792 4296 Μ.
805 4244 955 4298 Lucretiam,
968 4242 1030 4290 rnt'ra
1041 4258 1061 4291 c.
1073 4245 1112 4294 56.

111 4334 154 4370 rua
164 4319 386 4383 qrrinquerequm.
