2942 4750
20 20 22 113 l
410 123 616 185 Lllrnons
632 125 850 186 DEPERD.
1100 131 1159 187 265

33 349 43 375 ,
101 284 518 373 Qpercrtlsisoboeutuqius
537 290 589 365 iis,
609 290 661 373 qui
680 291 713 352 iu
734 310 800 353 eunt
820 290 921 375 iniqui
941 299 1041 368 eruut,
1057 292 1160 375 ‘querum

103 393 197 438 anuos
209 375 404 457 novemdecim
418 375 553 452 tahon,
568 375 672 439 conoul
685 385 804 441 creatus
816 384 870 439 est.

18 478 21 535 l

561 690 697 773 CXX.

22 925 32 964 ·.
97 909 103 920 ·
144 882 250 948 Caeror
277 885 379 947 roruul
400 868 492 968 legeris
521 886 593 948 tulit
621 887 660 948 de
683 887 846 971 questione
871 885 1012 949 labendo
1039 887 1073 950 in
1099 906 1161 967 eos,

100 988 221 1118 m
245 988 340 1049 opero
358 980 453 1051 pater
478 973 590 1035 ocios
612 981 708 1035 esset.-
735 970 941 1055 postulatique
963 992 1001 1034 eo
1025 975 1091 1056 lege
1111 972 1162 1035 M.

216 1098 227 1132 5

245 1054 279 1117 C.
298 1054 428 1131 Cassius,
444 1057 490 1118 D.
501 1057 627 1136 Boius,
642 1057 778 1122 absentes
788 1059 929 1120 damnati
938 1067 1015 1122 sunt.
1063 1055 1162 1132 Qum

101 1138 150 1201 M.
165 1139 302 1203 Antonio
315 1140 395 1204 vires
408 1140 532 1217 Asinires
546 1163 661 1225 quoque
674 1143 779 1206 Pollio
793 1152 823 1205 et
837 1142 1002 1205 Munatius
1015 1144 1161 1217 Plancius,

102 1244 164 1286 curn
179 1224 357 1299 exercitibus
375 1228 437 1290 ruis
457 1224 601 1311 oslp'unoei,
624 1228 833 1310 ampliassent
853 1236 883 1289 et
903 1227 956 1290 D.
973 1231 1095 1305 Burrus,
1112 1228 1163 1290 cui

100 1318 227 1385 emotis,
250 1320 285 1373 ut
301 1322 534 1395 persequeretur
556 1314 732 1389 Antonium,
757 1314 966 1387 mondaverat,
992 1313 1114 1394 relictio
1141 1334 1164 1373 a

101 1392 268 1478 legionibus
282 1398 354 1473 suis,
367 1397 570 1480 prqfiugiseet3
584 1397 675 1480 jussu
690 1396 828 1474 Antonii,
843 1397 877 1458 in
891 1395 974 1478 cupies
982 1407 1165 1480 potestator

101 1489 233 1555 venerat
249 1502 271 1541 a
287 1480 412 1563 Capeno
432 1483 572 1564 Seqreono
594 1482 768 1565 interfectus
788 1492 842 1545 est.
889 1483 924 1546 C.
942 1484 1047 1547 Censor
1055 1502 1163 1566 pooern

101 1585 169 1627 eum
183 1562 319 1627 Antonio
339 1575 367 1628 et
386 1566 508 1647 Lepido
517 1568 619 1650 feeit.-
641 1570 687 1630 ito
706 1578 741 1630 ut
762 1568 878 1631 tresviri
895 1567 1070 1650 reipublicae
1090 1588 1165 1630 eon·

99 1649 259 1711 smumdoe
266 1670 326 1732 per
347 1653 581 1734 quinquennium
603 1661 699 1716 essent
719 1655 794 1735 ipse,
808 1662 839 1716 et
861 1652 1007 1735 lepidus,
1023 1661 1052 1714 et
1065 1651 1164 1714 Anto·

100 1735 173 1799 nius
183 1768 195 1806 ‚·
219 1744 249 1797 et
267 1745 302 1798 ut
319 1756 387 1800 suos
407 1735 530 1822 quisque
548 1738 687 1801 inimicos
701 1740 933 1820 proscriberent.
955 1739 996 1800 in*
1009 1757 1070 1819 quo
1087 1754 1164 1816 pro·

25 1820 29 1826 ’
99 1820 265 1900 scriptione
273 1823 403 1903 plurimi
417 1824 527 1922 equites
540 1824 684 1900 Romani,
701 1834 818 1886 ceritum
840 1824 971 1906 triginta
989 1831 1164 1885 senatorum

99 1905 219 1966 nomino
227 1905 373 1988 ficerunt,
390 1917 419 1971 et
439 1919 518 1972 inter
539 1930 588 1972 eos
601 1910 644 1973 L.
669 1909 778 1972 Paulli
790 1906 907 1991 frenis
928 1907 977 1971 M.
993 1906 1116 1989 Lepidi,
1132 1913 1163 1969 ee

101 1989 143 2053 L.
160 1990 290 2055 Coesorr's
303 1992 436 2057 Antonii
448 1997 597 2071 uwmuli,
614 2004 644 2057 et
664 1994 713 2058 M.
737 1995 903 2059 Ciceronis.
923 1992 1021 2077 husius,
1037 1993 1128 2057 occisi
1142 2009 1164 2054 o

102 2073 239 2157 Popillio
252 2078 417 2161 legionario
431 2081 537 2156 milite,
553 2102 641 2163 quum
657 2080 781 2143 liaberet
799 2100 898 2142 annos
916 2082 1076 2164 seeogiuto
1089 2087 1161 2151 tres,

101 2169 192 2242 capot
206 2182 322 2251 quoque
339 2186 403 2225 rum
418 2165 526 2227 dextra
539 2187 632 2227 manu
652 2164 685 2226 in
707 2160 813 2227 rostris
824 2166 955 2243 positum
976 2174 1031 2228 est.
1072 2163 1163 2224 Proe·

29 2242 36 2256 '
102 2253 183 2308 tereo
198 2266 245 2309 res
260 2267 280 2309 o
296 2247 345 2310 M.
362 2248 462 2312 Bruto
477 2250 510 2310 in
527 2249 650 2311 Grcecio
663 2257 767 2331 gestas
781 2248 920 2310 oorztinet.

547 2585 707 2668 CXXI.

34 2794 45 2815 ⁰
92 2808 103 2832 ·
145 2782 181 2845 C.
207 2781 334 2854 Cassiis,
361 2781 409 2843 cui
431 2783 608 2844 mandorum
633 2801 654 2844 o
676 2789 786 2844 senatu
808 2790 884 2859 erot,
908 2790 942 2842 ut
970 2778 1163 2843 Dolobellom

99 2870 211 2931 bostem
229 2865 403 2950 jerdicotnrn
428 2865 504 2930 bello
521 2876 759 2949 persequeretur,
784 2868 967 2928 auctoritate
988 2865 1164 2947 reipublice

100 2953 234 3037 (sequtus,
250 2952 369 3035 Syriam
384 2973 448 3014 cum
462 2952 558 3015 tribus
571 2952 759 3027 exercitibus,
777 2953 830 3034 qui
843 2952 876 3013 in
889 2952 992 3013 eodem
1007 2950 1164 3031 provincio

99 3045 200 3112 eruin,
217 3038 251 3098 in
260 3046 441 3118 potestatem
454 3058 537 3100 neom
549 3038 677 3121 redegit.
722 3036 925 3110 Dolabellam,
946 3036 977 3097 in
992 3037 1064 3096 urbe
1078 3035 1164 3096 Loo-

99 3124 188 3186 ‹liceo
207 3120 364 3200 obsessum,
381 3122 459 3185 mori
479 3123 580 3205 coigit.
624 3121 673 3186 Μ.
696 3143 814 3205 quoque
835 3121 931 3184 Bruti
941 3119 1032 3202 jussu
1048 3119 1083 3181 C.
1098 3116 1166 3180 An·

52 3249 59 3262 ·
101 3209 205 3272 tonius
217 3217 333 3290 captus,
350 3209 463 3272 occisus
476 3217 530 3271 est.
853 3215 862 3234 ⁸

541 3543 725 3631 CXXII.

146 3742 199 3805 M.
216 3742 331 3805 onmes
352 3743 493 3806 adversus
519 3741 658 3803 'Ibrocas
672 3761 787 3823 porum
804 3759 948 3823 prospere
968 3762 1030 3804 rem
1047 3739 1144 3821 gessit
1152 3759 1166 3809 5

103 3827 299 3911 omnibusque
309 3827 523 3892 transmarinis
525 3826 693 3906 prooirrciis
701 3827 935 3909 exercitibusque
945 3827 978 3887 in
985 3830 1167 3905 potestatem

98 3913 167 3998 ejus
181 3923 211 3977 et
235 3915 268 3978 C.
292 3913 392 3977 Cassii
410 3913 550 3985 redactis,
571 3912 706 3973 coierunt
725 3912 859 3997 Surpnree
875 3921 1001 3992 uterque
1019 3908 1063 3967 od
1081 3905 1167 3967 ordi·

189 4151 207 4198 4
221 4151 298 4208 Quum
308 4165 379 4198 annor
390 4148 540 4198 norenulecim
547 4148 649 4213 baberet]
661 4151 720 4200 vid.
730 4153 802 4206 intre,
813 4165 864 4210 cap.
876 4150 920 4196 nult.
932 4143 1006 4207 hujus
1016 4144 1077 4192 hun.
