2942 4750
282 202 320 254 10
637 193 771 253 ’ΤΙΤΙ
803 194 943 254 LIVII

113 385 181 433 Μ
193 380 249 432 tra
274 357 501 446 relinquerent,
516 368 575 421 ut⁰
589 354 673 421 cives
690 354 832 421 Romani
845 355 974 423 fiebant
1009 355 1136 438 Postea,
1151 356 1201 421 bis
1216 377 1345 445 quoque

112 453 144 498 Α·
155 448 182 497 0
195 447 250 496 ¹7⁷·
274 444 467 533 imaginibus
481 443 563 528 juris
578 442 701 525 spretis,
718 443 897 526 promiscue
912 448 980 507 sine
1001 443 1081 531 lege,
1098 445 1166 508 sine
1187 443 1296 527 stirpe,
1312 444 1346 507 in

274 533 434 596 civitatem
451 530 632 594 Romanam
648 549 704 610 per
721 528 944 614 migrationem
960 543 992 594 et
1013 551 1142 595 censum
1158 530 1346 594 transibunt.

275 618 355 683 Haec
369 639 406 680 ne
413 612 655 697 posteafierent,
669 612 819 696 petebant
833 614 939 701 legati,
956 627 986 679 et
999 627 1032 679 ut
1046 619 1150 679 redire
1163 617 1195 678 in
1209 617 1348 680 ciuitates

264 703 410 786 juberent
422 701 538 771 sociem
563 700 671 763 demde
681 709 713 763 ut
722 701 792 784 lege
805 711 956 776 caverent,
972 703 993 734 ³⁸
1002 722 1040 764 ne
1054 704 1124 784 quis
1137 723 1221 785 quern
1236 703 1347 765 cisitu·

276 793 316 853 tis
336 786 492 850 mutandae
512 804 619 848 caussa
639 804 725 847 seem
734 786 870 869 faceret,
891 809 964 851 neve
985 788 1151 850 alleviaret:
1173 797 1214 867 et,
1229 788 1348 869 siquis

276 877 323 937 ito
337 873 415 936 ciuis
428 871 586 935 Romam
597 867 705 951 faetus
727 873 906 959 esset⁸’**.‚
945 870 1030 935 Haec
1052 873 1218 957 impetrata
1240 870 1283 955 ab
1299 892 1347 934 se·

275 969 362 1021 netu

319 1042 386 1107 IX.
418 1041 598 1106 Provincioe
618 1040 743 1120 deinde,
759 1066 832 1129 qum
855 1045 886 1108 io
910 1042 994 1108 bello
1015 1056 1117 1122 erent,
1134 1042 1346 1107 Sardiniaet·
1443 1054 1452 1075 ⁶

277 1151 340 1215 que
355 1128 449 1193 Istrie
463 1127 609 1193 decretae.
654 1129 693 1192 In
712 1129 889 1193 Sardiniam
908 1130 983 1194 duae
1004 1130 1144 1215 legiones
1165 1128 1261 1193 scribi
1283 1129 1347 1192 'us-

115 1238 249 1289 Exercitus.
277 1236 340 1291 βίω
362 1215 462 1301 quine
475 1214 574 1279 millia
593 1213 626 1277 in
642 1213 783 1301 singulas
798 1231 830 1280 et
843 1216 960 1281 duceni
975 1215 1107 1303 pedites,
1122 1230 1207 1279 trece
1297 1214 1346 1277 ui·
1382 1209 1468 1309 ’χ

276 1314 343 1377 tes3
365 1299 580 1367 etduodecim
601 1299 702 1363 millis
721 1301 862 1385 peditum
879 1302 1039 1367 sociorum
1062 1324 1098 1366 ac
1120 1301 1230 1366 Latini
1245 1299 1348 1363 nomi·
1380 1300 1385 1315 “
1462 1334 1468 1359 ι

276 1388 336 1464 nis,
352 1402 384 1451 et
405 1386 548 1451 sexcenti
569 1409 587 1450 e
612 1386 703 1467 uites,
719 1401 751 1450 et
773 1387 883 1452 decern
904 1389 1146 1473 quinqueremes
1168 1409 1274 1462 naves,
1291 1385 1346 1448 ⁴⁰si

276 1473 434 1538 deducere
457 1493 499 1536 ex
518 1409 682 1537 navdiibus
707 1473 809 1537 vellet.
854 1474 1072 1538 Tentumdem
1093 1473 1236 1555 peditum
1258 1470 1347 1557 equi·

276 1571 409 1645 tumque
428 1559 463 1622 in
485 1559 621 1633 istriam,
637 1570 792 1643 quantum
815 1560 849 1623 in
872 1559 1064 1636 Sardiniam,
1084 1559 1256 1623 decretum.
1280 1574 1284 1581 ·
1306 1556 1347 1620 Et

276 1645 433 1731 legionem
456 1664 552 1707 uuam
574 1663 649 1707 cum
670 1645 830 1729 equitibus
851 1646 1008 1723 trecentis,
1030 1659 1062 1709 et
1082 1644 1223 1729 quinque
1247 1641 1348 1706 miliia

276 1730 420 1816 peditum
436 1730 606 1805 sociorum,
623 1739 656 1795 et
669 1728 824 1794 ducentos
860 1732 914 1794 uin
940 1732 1070 1830 uaginte
1085 1734 1104 1763 ⁴¹
1118 1730 1243 1793 mittere
1257 1728 1348 1812 equi·

277 1831 325 1881 tes
346 1817 381 1880 in
404 1814 597 1901 Hispaniam
618 1754 900 1883 consulendis
958 1816 1192 1901 itiniumjussi.
1238 1813 1347 1876 Prius·

118 1912 237 1973 Prouisis
388 1900 534 1965 mucules
541 1899 720 1985 provincias
732 1903 930 1979 sortirentur,
941 1901 1087 1987 prodigia
1096 1901 1248 1965 nunciata
1260 1911 1347 1963 sunt.

311 1986 435 2070 apidetn
449 1988 483 2049 in
497 2007 576 2069 agro
592 1985 801 2051 Crustumino
817 1988 849 2049 in
859 1987 964 2051 lacum
980 1987 1095 2053 Martis
1109 1988 1151 2049 de
1164 1984 1250 2049 coelo
1264 1982 1347 2047 ceci·

278 2072 371 2136 disse.
403 2074 425 2103 ⁴¹
437 2070 579 2134 Puerum
594 2070 698 2134 trunci
713 2073 856 2157 corporis
871 2075 903 2135 in
919 2093 998 2157 agro
1016 2073 1164 2135 Romano
1178 2080 1349 2144 nutum,'et

278 2155 517 2307 quadrupedem
528 2176 665 2241 anguem
671 2155 789 2220 visum:
806 2169 838 2221 et
850 2158 972 2240 Capuae
983 2157 1082 2220 multa
1093 2158 1125 2219 in
1135 2156 1203 2219 soro
1212 2155 1349 2219 aedificia

300 2243 530 2308 ecoelotucts:
552 2253 585 2305 et
601 2241 742 2306 Puteolis
755 2242 833 2306 duas
855 2265 950 2307 neves
970 2240 1113 2306 fulminis
1134 2241 1199 2304 ictu
1218 2262 1349 2306 concre-

640 2389 659 2424 ο
717 2372 910 2419 ‘'uiliiGrob·

278 2491 386 2531 veterem
407 2483 553 2542 scripturam
571 2481 748 2532 nvncavimus,
768 2493 798 2523 ne
831 2485 889 2523 tem.
931 2475 976 2522 ille
998 2478 1064 2522 enim
1087 2482 1152 2523 recte
1171 2477 1348 2522 &silurorum

277 2549 319 2595 hic
335 2549 403 2594 loeus
421 2547 500 2604 speeie
522 2543 633 2590 sanitatis
654 2544 798 2600 imponeret
823 2540 906 2602 fucere
923 2554 980 2586 eum
1005 2554 1078 2599 quem
1100 2540 1222 2599 mancipio
1243 2538 1348 2598 accipit3

279 2611 438 2667 Perspicuum
457 2613 494 2652 ert
511 2609 594 2652 deesse
609 2606 709 2661 aliquid·
743 2603 800 2648 Duo
832 2603 984 2650 bicallem
1001 2616 1058 2650 curn
1075 2617 1150 2660 quern
1167 2605 1248 2649 uadit.
1280 2604 1350 2649 Gete-

278 2672 346 2718 enim
359 2683 448 2730 genere
463 2669 556 2714 medis
566 2679 640 2725 supra
655 2666 798 2723 explicanda
829 2680 894 2721 rum,
907 2668 929 2712 si
939 2680 968 2713 ea
981 2662 1120 2726 conjecturs
1134 2678 1208 2722 quam
1225 2667 1348 2723 superiore

279 2738 456 2795 proponuntur.
468 2732 572 2776 elternm
588 2742 637 2788 quo
648 2728 727 2781 sociis,
739 2729 798 2775 ulte-
830 2737 888 2776 nota
898 2729 1054 2790 exposuimus
1065 2741 1128 2773 vans
1139 2734 1241 2782 nonest,
1254 2728 1350 2776 videtur

279 2810 336 2844 rem
346 2810 396 2856 quo
406 2795 496 2854 populo
506 2792 617 2838 Romano
628 2788 797 2853 fleretinjnria.
830 2802 855 2841 et
865 2794 905 2839 hic
916 2794 1033 2840 excidisse
1045 2793 1143 2851 aliquod
1154 2788 1228 2851 hujus
1238 2791 1299 2851 legis
1309 2806 1350 2839 cn·

280 2861 310 2908 ln
321 2860 400 2920 pn‘nre
411 2854 485 2919 hujus
496 2856 587 2917 periodi
603 2856 714 2901 membro
729 2857 797 2914 prius
828 2865 882 2918 put,
895 2859 1012 2903 nimirum
1024 2863 1108 2902 contre
1118 2855 1285 2902 medentes
1295 2857 1350 2903 illas

278 2924 372 2971 fraudis
379 2935 457 2983 genus
468 2927 493 2966 et
504 2916 618 2980 injurium
627 2918 697 2964 sociis
706 2920 797 2965 factam
829 2923 976 2982 adoptiones.

278 2987 446 3047 intelligimus.
487 2983 537 3030 Hic
558 2983 633 3042 igitur
654 2991 798 3042 exposuerat
861 2985 894 3032 39
912 2985 977 3031 Civis
988 2999 1016 3032 se
1025 2982 1093 3046 essct]
1112 2983 1166 3030 Hoc
1178 2980 1300 3046 adjectum
1311 2991 1349 3030 cst

279 3054 364 3111 procul
374 3051 448 3097 dubio
460 3047 545 3095 Livius
561 3051 586 3091 et
602 3046 707 3092 alterurn
721 3048 797 3107 quod·
828 3062 859 3095 ex
867 3053 950 3095 mente'
958 3047 1058 3110 Signnii,
1067 3054 1094 3095 ut
1106 3049 1242 3107 expleretur
1250 3061 1347 3094 sensus:

280 3116 338 3162 dnm
355 3126 432 3175 genus
454 3111 547 3158 irnudls
567 3110 599 3155 ab
617 3109 656 3181 ils.
668 3111 797 3157 inductum
829 3113 876 3157 nisi
893 3113 967 3172 quod,
989 3126 1066 3173 quum
1084 3112 1124 3158 ille
1143 3113 1215 3158 scribi
1235 3112 1348 3166 voluerit,

280 3180 368 3239 quibus
384 3178 457 3236 stirps
473 3176 574 3230 deesset,
586 3179 610 3218 et
622 3174 738 3233 anurism
748 3175 797 3220 inc-
828 3177 886 3221 civis
901 3189 947 3221 nen
963 3181 1027 3231 cem,
1043 3176 1175 3222 maluimus
1192 3175 1260 3235 sequi
1272 3172 1349 3236 Duja·

279 3237 332 3288 mm
359 3240 451 3300 populo
479 3237 598 3283 Romano.
643 3236 800 3297 Suspicsmur
831 3240 903 3292 tium,
915 3239 958 3298 qui
974 3241 1085 3286 obsen'at
1101 3239 1232 3285 formulam
1243 3238 1268 3283 ln
1280 3251 1350 3284 sanc-

280 3305 392 3351 buudem
409 3303 435 3348 ln
454 3316 483 3348 eo
500 3302 604 3362 positam
623 3300 707 3356 subse,
724 3303 798 3361 quod,
831 3304 937 3349 tionibus
955 3299 1095 3364 hujusmodi
1112 3309 1234 3362 receptam
1252 3301 1349 3362 exigere

280 3369 378 3428 quibus,
398 3367 471 3426 stirps
492 3367 594 3419 deesset,
617 3366 635 3411 ll
656 3365 799 3424 adoptarent
830 3365 959 3427 potiusne,
971 3381 1108 3427 wemma.

280 3433 399 3493 quosdam
410 3430 475 3476 cives
483 3441 549 3482 suos,
557 3430 726 3488 quosrortasse
734 3437 801 3488 pest·
863 3429 896 3476 40
912 3429 941 3476 Sl
956 3430 1064 3476 deducere
1081 3444 1110 3476 cs
1131 3430 1249 3476 metus
1268 3430 1347 3494 vellet]

279 3508 310 3541 en
325 3494 489 3554 emancipatos
504 3493 572 3538 domi
588 3492 760 3552 relinquerent,
772 3500 800 3539 ut
831 3494 951 3548 Quaenam
969 3495 1011 3539 rlle
1029 3495 1148 3541 dubitatio
1167 3496 1221 3541 cst?
1243 3501 1286 3541 aut
1305 3509 1350 3543 eur

280 3558 335 3617 ipsi.
347 3559 417 3618 quasi
432 3558 533 3617 stirpem
548 3557 710 3617 relinquentes
721 3558 752 3604 in
759 3570 801 3616 pa·
832 3559 907 3605 nollet
923 3558 1007 3603 consul
1025 3573 1099 3604 neves
1109 3573 1123 3604 e
1134 3559 1259 3604 navalibus
1275 3558 1350 3604 dedu·

280 3621 386 3676 missua,
395 3622 460 3668 cives
472 3619 578 3667 Romani
585 3621 676 3666 tierent.
711 3621 765 3666 Huc
776 3634 802 3667 re
834 3622 908 3669 cerei
924 3622 1060 3668 Gronovius
1075 3622 1143 3681 legit,
1160 3636 1216 3681 quas
1232 3619 1351 3668 &dumet

280 3685 353 3731 tiebat
367 3686 457 3745 populo
472 3696 568 3744 quoque
580 3682 690 3730 Romano
701 3680 800 3745 injuria,
832 3702 862 3734 es
872 3684 952 3745 quibus
959 3686 1078 3731 navalibus
1088 3686 1160 3730 veltet.

278 3749 400 3873 iisqissis
405 3749 528 3858 iffieuiiend
536 3745 602 3857 ”iii
612 3744 801 3858 'diffiniit'
831 3747 1034 3875 Merrqqqppl.
1047 3749 1096 3858 rii
1110 3748 1352 3873 iiiiiicimciu'egii

280 3876 367 3936 itaque
390 3875 564 3923 crediderimus
591 3875 688 3921 nullium
709 3876 798 3922 vitium
831 3877 932 3938 Pighius
948 3875 1022 3923 inisse
1039 3877 1161 3936 superiore
1176 3891 1249 3931 enno,
1261 3885 1350 3936 praeter

279 3940 357 3987 inesse
368 3940 394 3986 in
410 3940 497 3986 vocula
512 3943 547 3992 st.
560 3937 707 3999 Liviumque
724 3941 815 4000 scrip,
831 3941 867 3987 Μ.
885 3940 1006 3986 Titinium
1027 3948 1155 4000 pretorem
1177 3942 1252 3994 urbis,
1273 3941 1348 3987 etiem

280 4005 339 4051 sisse
353 4008 381 4050 nt
401 4004 461 4049 einer
481 4002 583 4049 namur
597 4003 683 4062 fierem
695 4033 701 4047 .
713 4034 719 4046 .
732 4034 740 4048 .
752 4004 800 4049 Re·
832 4005 936 4050 alterum
955 4004 991 4049 Μ.
1009 4004 1130 4052 Titinium
1153 4011 1291 4063 pretorem,
1310 4004 1351 4051 cui

280 4067 347 4130 llqua
357 4068 454 4128 explere
464 4066 517 4111 sine
527 4066 595 4111 libris
604 4079 652 4112 non
660 4079 799 4125 possumus.
834 4068 978 4127 Hispaniam
987 4069 1122 4115 citeriorem
1131 4069 1243 4128 obtigisse
1250 4073 1350 4127 apparet

313 4127 346 4175 88
366 4131 408 4177 Ne
425 4130 478 4191 qsls
495 4141 682 4188 querunrrmm
697 4129 799 4190 faceret,
831 4144 893 4178 exc.
906 4132 1028 4179 ibinira.

280 4203 336 4237 sene
351 4189 471 4255 elimet]
493 4192 800 4252 Priorperseet,utreete
862 4194 894 4242 42
911 4194 1221 4257 Pucramtrunclcorporis
1250 4194 1350 4240 Brachi-

281 4255 393 4300 obsmat
409 4256 554 4310 Gronovius.
575 4263 659 4303 contra
681 4256 800 4320 accipien-
830 4259 883 4305 bne
893 4266 1026 4314 carentem,
1037 4272 1068 4303 an
1079 4261 1177 4321 capite?
1236 4271 1267 4305 nx
1282 4258 1350 4308 euim

282 4325 334 4366 tem
353 4320 482 4379 mundns,
499 4320 617 4379 posterior
634 4326 720 4370 contu
740 4321 800 4368 dsn·
831 4323 1088 4384 tresclensbigusest.
