2942 4750
543 141 888 220 PRAEFATIO:
1164 144 1263 220 xciii

175 374 279 424 mum
294 351 599 450 respondeamus,
616 380 687 430 nos
704 355 898 430 discedere
907 353 1070 428 noluisse
1081 352 1134 428 ab
1149 352 1265 453 ipsius

18 526 20 573 3
174 467 338 566 auctoris
367 469 540 567 exemplo
571 480 610 544 et
642 481 777 559 mente,
806 470 872 570 qui
889 469 1080 544 ¹secunda
1109 469 1264 547 decadis
1397 510 1424 538 ει

18 584 24 673 l
75 666 90 686 ο
156 583 432 688 ῥευρρίθιιιθιιῐι
448 585 559 660 nullis
575 586 711 662 talibus
727 586 826 662 notis
843 587 1066 661 distinctane
1079 585 1203 659 dicam
1216 609 1265 660 an
1374 672 1376 676 .
1418 604 1423 671 ;

167 699 334 772 confusa
349 699 430 796 ipse
445 700 615 789 ediderit,
632 726 711 777 non
734 702 903 776 videmus
920 700 1039 799 quiid
1054 699 1264 777 nobisvido

167 812 265 885 verti
281 815 412 910 possit.
464 816 541 890 Sed
557 824 605 903 et,
618 816 656 890 >si
680 840 829 913 quaque
851 816 891 889 in
906 842 945 890 re
961 816 1001 890 id
1017 817 1122 913 quod
1136 816 1264 913 praeci·

41 985 57 1011 .
172 952 290 1024 puum
306 941 363 1005 est
385 931 518 1005 intueri
540 930 702 1006 maxime
727 932 838 1006 decet
860 931 967 1028 eique
991 932 1137 1019 servire,
1153 956 1264 1007 nemo

173 1068 266 1119 sane
282 1045 467 1122 dubitabit
481 1048 571 1144 quin
588 1057 711 1122 textus
726 1046 922 1145 potissima
936 1045 1044 1120 nobis
1069 1072 1159 1121 cura
1183 1073 1265 1123 esse

171 1159 364 1235 debuerit:
390 1163 451 1235 cui
466 1173 592 1236 tamen
609 1172 714 1237 tanta
729 1188 829 1261 saepe
844 1162 1132 1238 intermiscenda
1146 1164 1266 1237 fuerat

174 1274 389 1370 hujusmodi
412 1289 584 1353 notarum
606 1279 806 1353 multitudo
828 1289 867 1353 et
881 1280 1051 1367 varietas,
1068 1289 1110 1354 ut
1124 1278 1169 1354 iis
1184 1289 1265 1357 tota

166 1390 250 1484 jam
265 1392 345 1486 ejus
361 1394 475 1468 facies
492 1375 664 1492 aspdrata
677 1404 716 1467 et
737 1394 890 1469 horrens
915 1416 1065 1469 omnem
1088 1408 1189 1471 esset
1210 1397 1264 1470 nie

172 1517 290 1580 torem
308 1508 501 1601 amissura.
551 1509 728 1605 Fatigant
743 1510 825 1583 baec
849 1519 888 1584 et
902 1520 1133 1584 remorantur
1147 1511 1264 1585 inten-

170 1622 311 1697 tionem
333 1625 500 1722 legentir,
527 1633 564 1698 et
584 1625 751 1698 deditam
777 1625 886 1699 rebus
904 1637 1071 1699 ¹mentem
1088 1624 1161 1698 alio
1173 1648 1264 1697 avos

170 1749 269 1814 cant.
320 1739 494 1839 Denique
522 1743 656 1815 doctos
682 1740 792 1829 viros,
819 1765 916 1839 quos
936 1743 1012 1814 fere
1033 1741 1106 1815 hoc
1130 1740 1263 1837 proba·

170 1855 314 1929 tionum
346 1868 384 1931 et
422 1856 716 1932 testimoniorum
754 1856 921 1931 studium
959 1854 1087 1953 tangit,
1126 1855 1265 1930 collata

171 1995 257 2044 cnm
273 1972 383 2047 rebus
400 1984 594 2048 auctorum
609 1974 764 2048 nomina
783 1973 892 2047 facile
908 1973 959 2046 ad
974 1972 1095 2047 fontes
1113 1973 1262 2059 ducent,

170 2087 314 2162 etiamsi
330 2112 407 2162 non
423 2089 461 2161 in
477 2090 579 2185 ipsos
596 2089 734 2184 digitus
749 2088 975 2163 intendatur.
1079 2139 1081 2143 -

219 2202 351 2276 Finem
378 2204 530 2277 tandem
553 2203 640 2276 huic
661 2203 898 2299 praefationi
889 2227 1136 2299 imponamus,
1161 2217 1342 2335 post-rc
1273 2223 1358 2270 com

170 2342 285 2415 quam
301 2327 426 2392 tamen
441 2316 598 2416 professi
619 2317 806 2405 fuerimus,
832 2341 902 2392 nos
927 2316 967 2391 iu
990 2316 1215 2393 notandis
1186 2300 1296 2394 srve'¹
1297 2300 1320 2335 ⁰'

171 2434 278 2520 Livii,
306 2434 382 2507 sive
407 2434 647 2531 interpretum
679 2434 759 2528 ejus
791 2443 829 2543 et
857 2432 1041 2507 editorum
1069 2434 1263 2524 erronbus,

170 2559 208 2624 et
223 2550 365 2624 levibus
381 2548 493 2623 etiam
515 2549 702 2624 interdum
724 2533 850 2635 navis,
868 2560 910 2623 nt
931 2573 1069 2679 magna
1083 2549 1274 2638 libertate,

171 2667 224 2741 sic
244 2666 348 2741 nullo
375 2666 499 2753 livore,
522 2665 627 2739 nulla
648 2664 900 2739 maledicendi
923 2664 1119 2762 prurigine,
1141 2690 1262 2740 versa·

167 2792 229 2856 tos
245 2808 339 2871 esse,
357 2785 425 2857 sed
442 2782 507 2855 uni
529 2780 672 2856 veritati
693 2780 830 2855 litasse.
883 2779 1000 2874 Cujus
1016 2780 1168 2878 quidem
1185 2790 1261 2856 tam

170 2907 302 2972 sancta
328 2908 416 2971 sunt
444 2899 546 2996 apud
567 2921 637 2971 nos
654 2897 752 2993 jura,
779 2908 821 2969 ut
842 2920 938 2982 eam,
964 2895 1170 2993 siquando
1191 2921 1262 2976 nos

170 3036 319 3110 quoque
336 3022 465 3109 arguet
480 3020 519 3085 et
535 3012 739 3098 damnabit,
767 3036 913 3085 summo
939 3009 1054 3085 simus
1070 3014 1209 3108 gaudio
1225 3024 1264 3087 et

170 3126 280 3202 obvia
296 3127 541 3258 gratulatione
557 3126 776 3224 amplexari.
867 3163 871 3174 ·

220 3243 317 3318 Fieri
332 3242 484 3317 omnino
500 3265 578 3316 non
593 3250 727 3339 potest,
744 3252 787 3314 ut
801 3241 840 3313 in
864 3250 969 3314 tanto
995 3266 1040 3316 ac
1064 3252 1142 3316 tam
1167 3243 1260 3315 mul·
1246 3265 1421 3341 -ouaepm

171 3359 285 3457 tiplici
302 3383 424 3489 opere,
442 3359 503 3433 cui
525 3381 663 3456 magno
689 3356 813 3432 animo
838 3355 1071 3465 incubuimus
1095 3344 1319 3454 quidem&
1317 3344 1418 3459 ᾙ.”’

171 3474 238 3549 sed
257 3475 364 3548 variis
382 3475 560 3550 distracto
576 3474 686 3560 cun's,
703 3498 797 3570 quas
813 3471 1142 3548 laboriosissimum
1158 3474 1329 3572 apudm’

170 3614 240 3665 nos
256 3589 414 3688 publicae
430 3588 669 3687 professionis
686 3613 822 3662 munus
836 3615 905 3687 per
920 3603 1030 3688 caput
1045 3604 1081 3664 et
1095 3592 1194 3665 circu
1209 3593 1261 3663 la·

172 3720 230 3782 ιω
245 3707 412 3782 salimes
425 3704 593 3804 undique
615 3705 789 3792 advocat,
806 3729 884 3778 non
905 3706 1023 3778 multa
1041 3728 1112 3778 nos
1128 3706 1261 3780 fefelle-

170 3821 254 3908 rint,
276 3821 384 3894 multi
407 3822 515 3895 nobis
540 3819 749 3895 exciderint
768 3844 920 3906 errores
948 3819 1024 3892 sive
1048 3819 1260 3916 impruden·

171 3938 280 4024 tibus,
310 3934 386 4009 sive
417 3962 484 4033 per
515 3960 658 4011 meram
689 3960 812 4009 rerum
845 3933 1102 4032 ignorantiam.
1153 3935 1260 4018 Quos

171 4054 267 4128 adeo
283 4076 360 4128 non
376 4052 533 4127 moleste
553 4052 712 4126 feremus
736 4049 844 4125 nobis
869 4049 1042 4137 exhiberi,
1066 4059 1109 4124 ut
1130 4060 1261 4125 contra

170 4166 384 4267 suppliciter
398 4191 546 4246 oremus
562 4193 628 4242 eos
652 4166 866 4265 quicunque
890 4177 1058 4240 nostrum
1082 4166 1181 4242 bunc
1207 4168 1259 4241 la·
