2942 4750
436 194 527 255 urs.
552 193 636 281 xpr.
667 195 772 255 css.
802 192 884 254 mr.
1150 201 1186 254 rs

115 350 224 421 busin
240 357 336 422 Istris
349 359 584 445 Liguribusque
604 380 754 443 prospere
775 358 871 447 gestis
893 357 1097 438 disseruisset,
1112 374 1224 445 pos-11.
1236 374 1262 421 c.
1272 372 1330 429 ,sss

116 441 229 506 tulsnti
244 444 428 529 triumphus
440 455 489 508 est
500 443 658 509 decretus
680 444 891 530 triumphavit
899 445 933 507 in
948 444 1133 533 magistratu
1144 441 1225 510 deA·
1237 438 1264 486 θ’
1276 438 1331 487 ¹⁷⁷·

117 527 239 592 duabus
261 530 357 594 simul
378 530 537 617 gentibus.
580 530 673 594 Tulit
686 533 720 594 in
742 553 781 594 eo
804 529 969 615 triumpho
989 531 1187 596 “denarilrm

116 626 259 679 trecenta
280 630 401 700 septem
423 616 532 693 millia,
554 635 587 680 et
600 616 832 693 ‘⁷victoriatism
854 618 1017 702 octoginta
1046 615 1187 714 quinque

114 700 217 765 millis
229 702 448 787 septingentos
462 702 570 769 duos¹.
588 700 741 769 militibus
761 702 795 766 in
818 701 959 788 singulos
974 704 996 737 ‘⁸
1006 702 1097 786 qumi
1112 699 1189 766 deni

115 785 239 850 denarii
258 787 344 852 duti:
367 787 485 872 duplex
506 787 840 872 centurioni-triplex
861 787 970 872 equiti.
1017 787 1119 852 Sociis
1139 788 1187 850 di·

115 873 215 936 midio
240 874 359 950 minus,
375 896 471 958 quam
493 872 625 949 civibus,
641 873 763 938 dutum.
788 874 895 959 itaque
916 872 1015 954 taciti,
1030 886 1066 937 ut
1086 873 1186 938 iratos

31 1040 35 1057 1
120 979 187 1021 esse
202 958 344 1034 sentires,
359 960 458 1023 secuti
474 972 548 1023 sunt
562 978 703 1024 currum.

161 1043 260 1109 XIV.
282 1045 372 1110 Dum
389 1047 414 1108 is
429 1046 608 1130 triumphus
619 1044 660 1108 de
674 1045 846 1132 Liguribus
860 1044 1024 1134 agebatur,
1036 1045 1183 1132 Ligures,
1194 1056 1297 1120 Ligures

115 1150 174 1213 pos
210 1152 285 1194 uam
302 1145 478 1209 senserunt,
492 1154 557 1194 non
573 1131 771 1197 consulerem
787 1146 909 1197 tantum
925 1136 1101 1198 exercitum
1119 1124 1317 1197 Rstresurms.

114 1206 202 1279 main
249 1216 432 1294 obductum,
447 1216 503 1283 sed
517 1216 675 1304 legionem
695 1219 735 1282 ab
758 1218 812 1282 Ti.
831 1219 966 1283 Claudio
982 1218 1064 1283 Pisis
1077 1219 1185 1284 dimis-

20 1344 28 1371 .
116 1323 196 1378 sam,
213 1301 309 1366 soluti
333 1316 429 1381 metu,
445 1303 526 1369 claun
549 1303 692 1368 exercitu
713 1304 846 1383 indicto,
868 1327 926 1388 per
940 1317 1133 1369 transversos
1148 1306 1186 1369 li-

115 1388 209 1453 mites
224 1390 381 1473 superstis
397 1392 566 1469 montibus,
582 1389 616 1453 in
639 1411 769 1473 campos
790 1391 940 1475 degressi,
955 1413 1066 1478 agrum
1083 1388 1186 1456 Muti-

116 1494 250 1538 nensem
267 1474 433 1624 populati,
456 1476 624 1560 repentino
652 1476 765 1560 inpetu
793 1476 948 1540 coloniam
970 1480 1073 1562 ipsum
1091 1499 1186 1578 sepe

117 1571 204 1623 runt.
249 1560 266 1624 Ι
313 1560 367 1625 ubi
391 1562 530 1626 Romam
552 1561 697 1626 adlatum
718 1575 778 1641 est,
800 1578 926 1627 senatus
949 1563 988 1628 C.
1012 1563 1187 1628 Claudru'm

98 1648 281 1713 ‚consulem
311 1649 441 1711 comitia
470 1647 575 1730 primo
591 1656 733 1798 'quoqpe
763 1660 905 1732 tempora
937 1649 1053 1713 habere
1079 1649 1185 1733 jussit,

117 1732 295 1816 creatisque
316 1734 348 1795 in
371 1754 493 1796 annum
508 1732 683 1815 magistrati
709 1756 744 1797 us
759 1734 792 1796 in
806 1735 1001 1818 provinciam
1025 1735 1139 1809 redire,
1155 1747 1188 1796 et
1393 1800 1399 1817 ,

117 1815 275 1880 coloniam
299 1840 340 1889 ex
363 1819 506 1883 hostibus
521 1821 653 1903 eripere.
698 1820 760 1895 ltu,
777 1822 824 1884 uti
843 1820 965 1884 censuit
979 1832 1118 1897 senatus,
1134 1830 1305 1883 oo-Comitin.

115 1903 205 1966 mitia
230 1903 348 1973 habits.
393 1905 546 1969 Consules
572 1907 678 1982 creati,
703 1906 764 1968 Cn.
780 1905 949 1969 Cornelius
976 1905 1085 1989 Scipio
1107 1903 1186 1969 His·

105 1987 230 2071 pullus,
248 1990 290 2065 Q.
308 1990 452 2054 Petillius
469 1992 639 2075 Spurinus.
686 1992 842 2055 Praetores
862 1991 936 2054 inde
954 1990 1040 2068 facti,
1057 1991 1106 2056 M.
1122 1990 1186 2056 Po-

116 2073 225 2155 pillius
244 2077 369 2153 Laeuus,
387 2077 425 2140 P.
438 2077 582 2142 Licinius
600 2075 743 2157 Crassus,
760 2077 810 2141 M.
827 2077 995 2141 Cornelius
1012 2077 1131 2162 Scipio,
1146 2079 1185 2141 L.

116 2158 265 2243 Papirius
281 2160 387 2238 Maso,
404 2161 456 2228 M.
472 2163 624 2239 Aburius,
642 2162 678 2226 L.
698 2162 858 2248 Aquillius
873 2164 995 2228 Gallus.
1031 2162 1071 2227 C.
1088 2163 1186 2227 Cluu-

17 2266 19 2309 l
114 2242 172 2306 dio
203 2246 328 2309 consuli
356 2269 455 2330 proro
497 2260 565 2313 tum
593 2253 627 2312 in
657 2270 778 2312 annum
807 2249 989 2333 imperium,
1017 2262 1050 2313 et
1079 2248 1187 2313 Gallio

17 2326 19 2331 ’
100 2329 300 2413 provincis:
330 2344 386 2412 et„
402 2355 443 2398 ne
487 2334 544 2397 stri
572 2355 699 2419 quoque
727 2332 823 2408 idem,
854 2335 940 2418 quod
973 2347 1005 2399 et
1042 2334 1186 2420 Ligures,

114 2414 274 2488 facerent,
290 2417 390 2477 socios
402 2419 543 2479 nominis
558 2418 666 2478 Latini
681 2419 714 2476 in
730 2417 857 2477 lstrism
870 2420 1022 2489 mitteret,
1037 2440 1118 2498 quos
1132 2418 1189 2478 tri·

17 2517 19 2566 i
115 2498 236 2583 umphi
265 2520 377 2561 oousss
398 2500 437 2561 de
458 2496 623 2580 provincis
650 2494 844 2559 deduxisset.
899 2497 960 2560 Cn.
984 2498 1136 2563 Cornelio
1157 2514 1225 2568 eto.
1237 2522 1264 2568 c.
1276 2521 1331 2572 ors

17 2611 19 2624 ²
115 2586 162 2662 Q.
181 2582 307 2649 Petillio
328 2582 520 2659 oonsulibus,
543 2604 608 2668 quo
638 2580 692 2644 die
721 2580 940 2665 magistratum
966 2583 1115 2666 inierunt,
1136 2587 1224 2651 in·An
1237 2586 1263 2633 C·
1277 2587 1330 2634 1⁷⁶*

106 2669 310 2736 moluntibus
324 2669 398 2734 Jovi
414 2669 545 2755 singulis
571 2669 684 2749 bubus,
700 2667 747 2731 uti
768 2666 858 2750 solet,
873 2668 906 2732 in
932 2692 971 2734 es
993 2669 1106 2753 hostia,
1120 2651 1308 2770 quaffenfiffi

17 2821 18 2826 ,
117 2758 162 2834 Q.
179 2755 326 2821 Petillios
340 2755 537 2831 sacrificavit,
550 2777 585 2818 m
595 2775 742 2841 Jocmore
756 2767 851 2840 caput
864 2777 941 2820 non.
953 2757 1126 2823 inventum.
1149 2760 1184 2825 id
1192 2778 1289 2826 Petam

115 2865 216 2929 quum
247 2843 286 2905 sd
311 2854 455 2908 senatum
483 2841 651 2919 retulisset,
681 2840 764 2904 bove
815 2841 940 2906 erlitare
984 2866 1082 2910 ussus.
1130 2843 1258 2910 De⁰⁰⁸⁸

103 2929 287 3014 provinciis
308 2927 424 2993 deinde
446 2930 608 2992 consultus
629 2939 755 2991 senatus
787 2862 874 2991 iius
895 2941 927 2992 et
951 2867 1087 3015 lligures
1108 2952 1184 3015 pro-
1292 2953 1294 2962 ’

114 3016 236 3079 vincias
250 3013 432 3079 consulibus
445 3013 596 3080 decreuit.
638 3013 701 3077 Cui
718 3012 803 3076 Pisae
818 3013 982 3096 provincis
996 3016 1184 3097 obvenisset,

113 3117 216 3186 quum
239 3101 479 3182 magistratuum
501 3098 709 3164 cresudorum
733 3110 859 3181 tempus
878 3112 970 3178 esset,
996 3100 1035 3163 sd
1056 3102 1185 3165 comitia

113 3188 230 3251 reverti
247 3186 353 3271 jussit.
376 3184 521 3251 additum
547 3185 688 3266 decreto,
710 3197 745 3247 ut
770 3184 893 3248 “binas
921 3184 1061 3271 legiones
1085 3207 1183 3253 novas

574 3308 587 3337 ⁸
602 3304 725 3358 dsossrev.

151 3420 182 3466 56
198 3421 329 3467 Deuortrlm
352 3424 451 3466 trecenta
473 3423 558 3479 septem
579 3420 633 3466 mil·
664 3419 737 3478 paulo
747 3420 803 3478 plus
814 3419 869 3467 669.
881 3420 995 3468 uncie&

115 3482 164 3545 lia]
189 3484 282 3532 Marsas
304 3484 399 3544 argenti
420 3490 539 3529 nostrates
560 3483 631 3529 4796.
697 3481 729 3528 68
747 3482 871 3537 Quiaideni
886 3485 987 3549 denarii]
1007 3486 1091 3533 Minus
1103 3490 1182 3536 uncias

118 3549 236 3595 unciani.
553 3543 561 3573 l
665 3549 759 3607 argenti
768 3555 885 3595 nostrates
896 3550 967 3596 binas.

102 3633 107 3642 ·
148 3614 182 3660 67
209 3611 360 3660 Victoriotsim
390 3612 506 3672 mogum
536 3612 634 3671 quinque
697 3610 730 3656 59
745 3611 887 3674 Adductum]
911 3613 977 3659 Olim
998 3617 1122 3676 legebatur
1140 3616 1182 3664 ad·

114 3676 191 3723 miliia
220 3679 374 3738 septingentos
404 3676 460 3738 duo]
494 3673 541 3730 Qut
572 3689 634 3721 nuuc
664 3673 767 3721 ductum
800 3676 908 3723 Correxit
919 3677 1061 3725 Gronovius

101 3737 261 3788 viatorium
278 3741 414 3801 appellatur,
432 3739 512 3799 inquit
529 3739 632 3793 Plinius,
697 3738 730 3785 60
746 3740 822 3786 ninas
841 3741 941 3802 legiones
959 3756 1028 3789 novos
1044 3775 1050 3789 .
1068 3776 1075 3790 .
1092 3749 1115 3791 et
1135 3750 1182 3792 trs.

102 3806 128 3851 ·l.
145 3803 405 3867 xxxl11.c.stegs
418 3803 499 3852 Clodio
511 3817 633 3864 peresum
664 3807 740 3848 sertim
764 3805 859 3869 equites]
888 3805 939 3852 Vix
961 3808 1065 3854 dubitari
1092 3816 1181 3868 potest.

102 3874 156 3916 sat.
187 3868 385 3915 Antsaeaeimhlc
400 3881 508 3913 nummus
527 3881 556 3913 ss
572 3868 632 3928 lllp-
664 3868 723 3928 quln
735 3867 774 3913 hic
791 3869 905 3915 exciderit
920 3873 1019 3933 aliquid.
1053 3872 1183 3931 Expresse-

114 3934 166 3979 rico
185 3933 302 3987 disum,
323 3934 405 3980 mercis
430 3931 477 3977 loco
503 3931 632 3978 habebatur.
665 3939 703 3977 rat
714 3944 802 3991 nepe
813 3932 897 3980 Livius
908 3947 951 3994 pro
963 3950 1030 3983 more
1041 3949 1094 3989 suo,
1106 3946 1183 3993 quau·

104 3997 163 4044 *Bas
182 3999 263 4043 odem
283 3997 391 4058 signatus
411 3996 516 4049 victorio.
538 4000 561 4042 et
581 3994 649 4042 lisde-
665 4001 720 4042 turn
731 3998 976 4059 peditum‚quantum
988 3997 1183 4060 equitumleglo·

104 4073 204 4108 'm
238 4059 304 4132 Eurp
315 4060 431 4107 Volusius
446 4059 581 4105 Moedsnus
591 4061 633 4106 do-
666 4073 709 4107 nes
721 4073 791 4106 novoe
801 4075 857 4122 quae
868 4063 1034 4110 scribebantur
1044 4061 1131 4106 habere
1142 4062 1183 4110 de·

114 4131 154 4171 sat
176 4131 276 4170 tuntum
295 4125 406 4179 valuisse,
425 4129 546 4184 quantum
567 4124 634 4184 prius
665 4126 757 4171 berent-
792 4125 905 4173 Peditum
921 4136 1038 4172 numerus
1054 4123 1182 4175 intercidit
1203 4183 1207 4192 Ι

105 4189 250 4248 'quintrim
284 4188 634 4249 Siigitursdhanerationem
667 4189 692 4236 Si
709 4190 734 4235 id
751 4202 882 4250 sequemur
900 4190 965 4247 quod
984 4188 1126 4252 plerumque
1145 4195 1184 4240 his

106 4250 246 4299 -Vtctosdstl
257 4250 344 4300 85702.
356 4253 633 4305 esumsutussncien·
664 4252 816 4314 temporibus
842 4251 982 4297 factitatum
1004 4257 1049 4308 est,
1071 4256 1184 4303 videmur

113 4320 158 4394 pur
180 4317 274 4363 &narii
296 4315 384 4365 sissi.
405 4327 496 4365 merto
513 4322 633 4365 onustes
664 4317 745 4377 legere
766 4317 868 4362 deberes
895 4312 971 4361 Binda
991 4316 1091 4379 legiones
1115 4330 1184 4365 nosue
