2942 4750
234 164 322 226 cxviii
577 166 606 225 J.
627 164 695 223 ΡΒ,
723 161 993 223 GRONOVII

236 338 381 392 trarunt:
404 325 581 392 Buslidiani
597 336 629 390 et
644 324 827 390 Chifletiani
850 323 1001 387 hibertus
1023 321 1207 386 Rubenius:
1231 319 1328 385 trium

258 412 399 479 nondam
417 411 632 476 Palatinarum
648 412 790 474 codicum
808 410 871 471 lide
884 409 957 475 Jani
981 407 1148 472 Gebhardi
1172 404 1329 471 Suffridus

236 436 395 562 barinus.
435 497 566 561 Puteani
577 518 703 582 quoque
711 495 825 558 fratres
836 493 967 557 schedas
978 494 1116 576 parentis
1128 492 1177 556 sui
1190 490 1328 568 Claudii,

236 584 271 646 in
287 583 402 669 quibus
418 604 459 645 ex
475 582 544 646 Ful.
569 582 679 647 Ursini
694 593 726 644 ct
746 580 815 644 Jac.
839 579 956 664 Cujatii
979 578 1172 641 membranis
1193 575 1328 662 paucula

263 668 386 732 uredam
399 681 567 752 properata
577 680 679 746 erant,
689 665 775 728 ultro
786 668 993 746 ingesserunt.
1018 666 1070 726 Ab
1081 662 1190 726 iisdem
1203 666 1234 724 in
1244 661 1328 725 bello
1408 662 1414 682 ⁶
1434 706 1442 716 -

238 691 364 818 l’unico
378 753 514 816 secundo
530 753 696 836 Cynosura
710 750 802 814 nobis
815 749 875 812 fuit
889 746 978 823 liber,
996 770 1060 834 quo
1078 749 1119 812 de
1142 748 1220 811 Tito
1236 746 1331 809 Livio
1424 766 1428 774 ·

237 838 318 905 nihil
335 860 391 901 nec
406 838 565 921 antiquius
585 859 644 900 nec
666 837 804 899 sanctius
827 835 957 920 Europa
980 833 1128 911 custodit,
1151 832 1330 917 majusculis

238 922 362 1000 litteris,
386 935 417 987 et
437 922 533 1007 plane
554 921 707 1008 qualibus
722 921 825 984 clarus
849 920 901 982 ilie
926 919 1127 983 Florentinus
1149 940 1190 981 ex
1215 918 1330 981 Pisano
1416 980 1421 997 ‚

240 1007 425 1085 Pandantes,
449 1020 604 1072 exaratus.
650 1008 714 1070 Hic
735 1006 820 1068 solus
839 1006 1008 1092 largiorem
1031 1004 1187 1067 bonarum
1209 1025 1328 1081 rerum,
1427 1004 1432 1013 '

239 1116 336 1178 quam
351 1093 500 1179 quicquid
517 1106 564 1156 est
583 1091 789 1178 reliquorum,
807 1113 873 1153 sese
895 1092 985 1153 nobis
1007 1090 1176 1174 prestitit:
1200 1102 1233 1151 et
1254 1089 1328 1153 inde

234 1178 391 1265 judicium
407 1179 595 1256 laciendum,
608 1189 761 1262 quantum
776 1198 841 1238 non
854 1177 885 1237 in
901 1176 994 1239 Livio
1006 1188 1139 1250 tantum,
1153 1174 1208 1238 sed
1219 1176 1251 1252 in
1261 1173 1330 1237 aliis

239 1284 366 1351 quoque
390 1264 501 1351 priscis
525 1264 707 1329 auctoribus
739 1260 965 1363 restituenduqn
991 1272 1097 1337 restet,
1128 1262 1153 1322 si
1183 1261 1223 1323 ad
1252 1260 1332 1324 illud

238 1370 343 1415 aerum
358 1349 557 1435 pretiumque
572 1349 696 1417 codices
714 1348 943 1410 nanciscamur.
988 1345 1057 1409 Eat
1076 1357 1179 1409 autem
1196 1344 1329 1409 sollicita

239 1456 317 1499 cura
338 1433 460 1499 nullum
474 1436 595 1521 apicem
612 1446 676 1497 tam
694 1432 767 1495 fidae
780 1454 893 1495 manus
908 1453 971 1495 non
989 1446 1186 1514 persecutum
1198 1453 1266 1494 esse
1280 1452 1330 1511 rue

162 1522 166 1533 '
239 1520 420 1600 credebam,
436 1532 551 1598 tamen,
569 1520 643 1606 quia
657 1531 780 1583 tantum
793 1519 826 1580 in
842 1540 906 1581 uno
917 1517 958 1580 ad
969 1517 1076 1581 omnia
1087 1518 1238 1595 momenti
1250 1530 1329 1594 erat,

240 1605 361 1670 diffisus
375 1606 475 1675 oculis
492 1608 579 1683 meis,
592 1629 611 1669 a
624 1603 673 1669 Cl.
687 1604 850 1679 salmasio,
862 1616 898 1666 ut
912 1602 994 1678 libri,
1010 1605 1042 1665 in
1055 1604 1143 1687 cnjus
1155 1602 1331 1688 marginem
1394 1626 1398 1633 ’

240 1690 407 1777 plerasque
423 1692 553 1757 minoris
568 1691 714 1776 ponderis
730 1690 840 1764 varias,
858 1710 930 1752 cum
951 1687 1077 1766 chartis,
1095 1691 1124 1751 in
1141 1712 1219 1771 quas
1234 1689 1331 1775 insig-

240 1777 347 1840 niores
361 1778 596 1841 emendationes
611 1775 771 1850 retulerat,
788 1797 886 1860 quum
900 1773 983 1838 forte
998 1776 1030 1836 in
1045 1774 1205 1860 colloquio
1226 1786 1331 1838 osten·

240 1860 349 1937 disset,
366 1863 491 1944 copiam
508 1862 585 1925 mihi
600 1861 725 1934 faceret,
741 1859 826 1923 haud
841 1860 996 1945 gravatim
1010 1860 1185 1943 impetravi.
1232 1859 1330 1923 Alex·

241 1944 340 2011 ander
357 1945 501 2008 Patavina
518 1945 609 2013 Pauli
627 1947 662 2008 F.
679 1944 815 2008 Claudio
833 1946 980 2008 Sarravio
993 1945 1220 2030 parariodnos,
1232 1966 1332 2008 unum

241 2041 457 2115 pervetustum
472 2043 504 2095 et
520 2031 572 2093 isti
587 2031 680 2116 primi
706 2030 777 2093 enio
795 2029 938 2107 fideliter,
963 2043 998 2094 ut
1018 2029 1202 2114 plurimum,
1226 2030 1334 2095 adhae·

240 2128 374 2193 rentem,
391 2128 447 2180 aut
461 2117 505 2180 sic
520 2116 560 2180 ab
580 2139 618 2180 eo
632 2053 860 2192 deliectentcm,
875 2130 910 2179 ut
921 2139 1014 2179 rausa
1024 2130 1184 2201 appareat,
1197 2116 1331 2180 alterum

241 2202 336 2267 etiam
352 2224 416 2266 non
433 2203 525 2269 malae
539 2218 639 2278 notae3
664 2202 778 2266 Ismael
794 2201 972 2265 Bullialdus
985 2223 1024 2265 ex
1036 2202 1227 2266 bibliotheca
1238 2224 1272 2265 re
1296 2206 1334 2284 ‘s,

242 2287 394 2354 Claudius
405 2288 579 2352 Menardus
592 2287 740 2355 Andibus
751 2309 841 2350 suurn
858 2287 1008 2372 singulos,
1021 2309 1085 2350 non
1097 2289 1190 2350 nimis
1202 2288 1256 2375 qui
1281 2311 1333 2352 em

241 2374 398 2460 antiquos,
410 2373 464 2439 sed
474 2387 579 2443 tamen
589 2395 655 2437 non
664 2375 864 2459 spernendos,
876 2374 949 2459 quia
958 2396 996 2437 ex
1005 2373 1146 2458 probatis
1154 2375 1336 2458 transistus,

240 2459 465 2544 praebuerunt:
498 2483 539 2524 ex
560 2461 674 2547 quibus
695 2473 759 2524 tres
781 2460 906 2535 solidos,
929 2459 1091 2523 meliorem
1117 2461 1334 2539 Petavianum,

241 2546 317 2631 quia
341 2547 440 2609 serius
464 2568 557 2609 nosse
582 2567 751 2629 coeperam,
777 2544 969 2632 aliquamdiu
996 2558 1193 2628 perpetuum,
1218 2545 1335 2611 deinde

241 2630 463 2695 illustrioribus
478 2633 565 2707 locis,
581 2631 722 2694 adhibui.
769 2631 857 2694 Idem
870 2633 901 2693 in
914 2632 1129 2715 cnmplnribus
1140 2631 1336 2697 Florentinis

241 2729 273 2779 et
287 2716 476 2795 Barbarino,
492 2717 533 2780 L.
551 2716 709 2779 Holstenii
723 2717 807 2798 apud
824 2716 1024 2779 Cardinalem
1041 2715 1244 2792 Franciscunr
1259 2740 1336 2804 grs-

241 2800 295 2876 tia,
310 2821 366 2883 per
379 2803 532 2884 temporis
542 2802 701 2886 angustias
709 2802 789 2862 mihi
800 2802 913 2863 Rornae
924 2802 1022 2865 licuit.
1067 2805 1236 2867 Accessere
1250 2804 1337 2868 iuter

240 2888 344 2970 ipsum
359 2904 440 2969 opus
456 2884 632 2948 Vossianus
648 2898 680 2948 ct
694 2886 792 2948 Gudii
814 2907 894 2949 unus
917 2888 1047 2974 integer,
1072 2887 1199 2952 alterius
1220 2911 1336 2973 paueae

241 2968 366 3038 schedae
380 2970 496 3056 opifici,
512 2973 564 3056 qui
588 2992 710 3033 sorores
725 2992 833 3034 earum
851 2972 918 3056 jam
941 2985 1138 3058 corruperat,
1155 2974 1209 3036 sia
1231 2975 1339 3059 pretio

241 3056 418 3121 subductae.
437 3052 515 3121 'Per
526 3056 670 3122 eumdem
691 3057 884 3120 nonnullise
901 3058 1158 3122 Florentinorum
1169 3061 1338 3144 praecipuo

241 3143 274 3206 in
292 3141 457 3210 Addenrlis
468 3154 481 3182 ⁸
492 3142 585 3228 hujus
600 3143 676 3205 tomi
694 3140 817 3207 frueris.
863 3143 943 3206 Belli
968 3143 1168 3208 Macedonici
1193 3145 1286 3229 primi
1303 3161 1340 3212 et

242 3228 374 3291 Asiatici
390 3250 463 3291 curn
481 3229 641 3296 Antiocho
661 3227 852 3312 exemplaria
874 3228 989 3313 scripta
1010 3241 1052 3292 ex'
1067 3227 1340 3306 BarbarinaGa·

241 3309 348 3375 brielis
363 3312 510 3389 Naudaei,
530 3314 707 3389 Perusiam,
725 3314 890 3392 Vossiana,
913 3313 987 3396 (hoc
1002 3315 1213 3396 chartaceum,
1227 3329 1339 3382 cetera

241 3397 350 3459 omnia
364 3418 498 3482 quorum
516 3398 657 3473 memini,
672 3399 702 3460 in
726 3399 918 3461 membranis
939 3402 1043 3480 erant)
1066 3401 1193 3488 singula
1214 3405 1338 3488 accepi,

242 3493 275 3545 et
300 3480 424 3568 integra
447 3504 520 3544 cum
547 3482 682 3569 vulgatis
705 3484 823 3572 relegi:
858 3484 1060 3562 Oxoniensis,
1089 3487 1275 3564 Florentini,
1306 3504 1341 3554 et
1449 3479 1451 3500 '

242 3564 384 3630 Venetus
410 3566 548 3632 coenobii
569 3567 613 3632 D.
639 3570 772 3632 Antonii
801 3571 901 3655 (cujus
923 3571 1043 3644 aditum
1069 3572 1137 3637 Jac.
1166 3573 1340 3658 Philippus

243 3650 459 3718 Thomasinus
472 3653 552 3716 mihi
567 3652 695 3736 fecerat)
714 3654 872 3739 aliquibus
886 3654 963 3718 iocis
985 3656 1121 3720 consulti
1136 3662 1338 3724 servierunt:

242 3737 346 3803 sedin
363 3738 452 3802 nullo
473 3739 543 3823 plus
566 3738 751 3813 habebatur,
769 3762 863 3824 quarn
885 3742 918 3803 in
941 3742 1031 3804 editis
1053 3756 1125 3805 ante
1148 3742 1340 3833 Magantia-

241 3845 367 3888 censem
382 3824 477 3887 fuisse
492 3825 636 3892 diximus.
681 3824 733 3887 Ex
757 3825 944 3890 Buslidiano
965 3848 1092 3912 quoque
1106 3830 1145 3891 ad
1162 3844 1341 3915 utrumque

240 3908 447 3996 posteriorem
463 3923 584 3974 tomum
596 3909 840 3974 communicarit
862 3911 1009 3998 quaedam
1027 3913 1203 3978 Rubenius.
1247 3915 1342 3992 Quae

270 4103 361 4183 adra
378 4133 492 4192 mpsim·
506 4135 611 4198 arriana
629 4135 661 4179 aa
679 4133 770 4181 canem
802 4115 1347 4201 ejmcmanrpamammeatanimau·

241 4191 372 4243 voluminis
379 4195 702 4243 dsdmthddendaJAErid.
709 4196 770 4242 Gro-
800 4204 1350 4266 mammaruoquequsurdmeoeuom

241 4252 526 4310 mnasoneuuoae
541 4261 599 4307 anni
614 4257 771 4306 luthariis
802 4269 875 4314 aaut,
