2942 4750
254 132 317 210 xiv
629 128 975 207 PRAEFATIO.

254 364 339 440 qnae
361 336 626 435 incogitantem
654 339 802 413 Livium
825 340 947 437 rapuit
971 338 1171 439 instinctus
1196 340 1362 437 qnidam
1427 352 1436 371 ’

254 454 369 530 studii
385 454 425 526 in
443 453 654 528 Romanam
680 453 832 527 laudem
858 453 1154 540 vehementioris,
1173 453 1227 527 ita
1241 466 1288 528 ut
1304 456 1363 553 ip·

254 593 338 643 sum
368 569 588 643 scribentem
616 567 759 641 falleret
774 569 906 665 'pietas
939 570 990 643 in'
1011 568 1182 665 patriam,
1211 570 1362 643 blanda

255 682 486 758 conciliatrix
511 683 579 755 sui
632 681 706 756 Illa
720 708 799 756 non
824 683 934 758 video
952 708 1118 782 quonam
1143 684 1272 758 colore
1290 687 1359 760 de·

94 827 208 879 curm
255 799 371 872 lendi
385 795 653 894 possintque
680 798 814 872 sedulo
840 810 877 872 et
907 800 1063 874 dedita
1062 824 1176 895 opem
1204 800 1358 875 silentio
1442 884 1443 887 3

93 906 191 1002 {⁸¹⁰ss
152 892 229 938 Mb
197 910 420 1001 Mmmisit,
438 921 635 1007 propterea
659 913 764 1009 quod
791 937 921 1009 parum
946 913 1206 988 honorifica
1177 940 1255 991 sire
1274 915 1358 989 Ro-

93 1034 222 1130 ’3333
208 1019 374 1098 Li'manae
389 1027 509 1121 genti,
528 1026 605 1099 sive
626 1027 853 1123 quibusdam
878 1028 1105 1102 celeberrimi
1121 1029 1285 1103 nominis
1300 1029 1355 1103 ιι-

93 1161 245 1209 orer-⁰²0¹·-
255 1141 304 1214 ris
329 1141 550 1214 viderentur.
603 1140 754 1235 Hujus
758 1143 903 1239 generis
928 1143 1072 1242 aliquot
1097 1145 1270 1241 exempla
1296 1170 1353 1218 re·
1442 1200 1443 1203 ,

255 1256 346 1329 ferre
363 1280 484 1353 operae
501 1256 659 1385 pretium
675 1269 744 1330 est.

207 1369 499 1466 ‹sPolybins
518 1372 696 1444 acerrimo
707 1372 853 1465 judicio
869 1381 908 1445 et
927 1372 1143 1471 incorrupta
1158 1376 1233 1448 fide
1248 1399 1354 1449 com·

92 1462 216 1572 Μ,
156 1410 453 1593 1¹¹¹mmendatus
480 1487 648 1584 scriptor,
666 1512 804 1591 magna
829 1512 918 1562 cura
942 1489 1140 1586 perpendit
1163 1489 1268 1564 initio
1285 1492 1351 1565 lib.

173 1590 331 1698 ΜΙΙΙ.
355 1626 528 1698 quaenam
551 1627 674 1676 cansae
697 1602 784 1675 belli
808 1602 942 1677 Punici
964 1604 1121 1678 secundi
1143 1606 1288 1691 tuerint,
1312 1618 1352 1679 et

253 1726 336 1789 nter
359 1716 543 1815 populns
538 1717 682 1789 violatae
708 1717 879 1791 amicitiae
900 1719 1071 1814 mptique
1096 1719 1246 1793 foederis
1270 1720 1349 1794 cul-

252 1858 341 1931 pam
357 1835 548 1908 sustineat.
600 1833 807 1929 Postquam
832 1834 950 1907 multa
966 1836 1015 1906 de
1031 1834 1103 1908 hoc
1130 1846 1348 1933 argumento

253 1947 468 2043 disputavit,
486 1956 523 2018 et
539 1947 625 2019 hinc
643 1957 755 2043 atque
771 1947 860 2021 inde
876 1958 1067 2023 momenta
1088 1949 1274 2023 rationum
1291 1950 1346 2023 di·

252 2060 380 2156 ligenti
403 2060 542 2133 trutina
557 2061 789 2157 ponderavit,
806 2086 885 2135 rem
910 2064 963 2136 ita
984 2065 1188 2151 concludit,
1205 2074 1247 2138 nt
1273 2075 1350 2138 sta·⁴
1442 2132 1443 2153 ,

252 2187 343 2265 ιιιοι,
361 2177 393 2250 si
409 2175 513 2273 origo
529 2176 616 2250 belli
634 2202 658 2249 a
674 2178 831 2273 Sagunti
848 2189 995 2253 tantum
1019 2179 1187 2253 exscidio
1204 2190 1345 2277 repeta-

250 2304 320 2381 tur,
340 2293 481 2366 Poenos
507 2293 642 2388 injuste
667 2293 819 2366 omnino
837 2318 941 2367 anna
967 2294 1151 2382 movisse3
1176 2294 1234 2368 sin
1250 2295 1344 2368 ratio

251 2401 431 2484 habeatur
457 2409 638 2484 Sardiniae
663 2435 687 2481 a
713 2409 909 2497 Romanis,
936 2410 1124 2508 stipendio
1147 2411 1259 2484 etiam
1284 2436 1344 2483 sn·

250 2526 509 2625 perimposito‚·
529 2525 753 2622 intercepta,
771 2526 835 2621 pia
859 2538 897 2599 et
906 2527 1012 2620 justa
1035 2526 1149 2599 luisse
1174 2525 1343 2598 Anniba-

249 2641 295 2716 lis
313 2667 426 2727 anna,
441 2665 557 2737 quum
575 2639 684 2712 Poeni
701 2641 792 2712 data
808 2641 1007 2714 occasione
1023 2665 1088 2715 eos
1102 2642 1221 2714 ultum
1237 2642 1343 2728 irent,
1442 2735 1443 2740 ¹

248 2756 314 2851 qni
332 2781 398 2851 per
415 2753 651 2826 occasionem
669 2764 879 2853 temporum
896 2755 985 2850 ipsis
1001 2766 1218 2830 nocuerant.
1442 2749 1443 2754 ’

150 2924 156 2938 .
181 2925 205 2938 ..
297 2868 400 2950 Quid
424 2867 576 2940 Livinsl
614 2866 762 2963 Nempe
786 2868 848 2941 ille
873 2894 920 2941 ex
945 2869 1157 2966 Polybiane
1175 2871 1350 2969 disputa.

247 2983 347 3056 tione
372 3007 418 3055 ea
433 2981 534 3078 eligit
550 2990 588 3054 et
605 2990 777 3055 accurate
802 2984 957 3079 exponit
972 3011 1056 3082 quae
1084 2985 1346 3061 Romanorum
1442 2999 1443 3004 ’

246 3122 370 3174 cansae
383 3096 589 3171 ‘'favebant:
616 3121 701 3194 quae
718 3119 786 3224 pro
813 3096 941 3172 Poenis
967 3100 1070 3196 dicta
1090 3102 1138 3174 ab
1163 3101 1345 3231 scriptore
1442 3105 1443 3164 l

246 3212 381 3287 Graeco
406 3214 518 3299 fluere,
545 3211 640 3285 de''
619 3234 663 3285 ns
680 3211 834 3284 omnino
859 3212 963 3286 silet:
991 3216 1091 3288 malo
1109 3242 1199 3290 sane
1217 3218 1341 3291 consi-

245 3325 307 3412 lio,
333 3337 372 3400 et
396 3328 456 3400 cui
483 3327 583 3422 apud
609 3325 788 3399 lectorem
813 3326 973 3401 veritatis
999 3331 1210 3405 studiosum
1235 3332 1342 3406 nulla
1442 3297 1443 3350 l

243 3439 365 3535 possit
378 3465 460 3513 esse
476 3441 595 3513 venia.

295 3553 429 3652 Neque
454 3555 552 3628 enim
570 3554 643 3628 hoc
664 3557 797 3641 saltem
824 3556 898 3631 dici
914 3570 1053 3655 posset,
1071 3586 1214 3636 errasse
1238 3591 1336 3652 enm,

243 3678 280 3746 et
304 3668 577 3766 imprudentem
603 3671 755 3747 fecisse:
808 3671 1001 3769 Siquidem
1026 3676 1196 3773 quisquis
1222 3678 1339 3776 Poly·

242 3786 344 3860 bium
369 3811 455 3860 cum
480 3810 525 3860 eo
550 3788 758 3872 contulerit,
772 3825 775 3835 =
788 3810 866 3859 non
890 3790 1025 3885 poterit
1047 3791 1217 3870 dubitare
1244 3794 1350 3891 quin
1440 3811 1441 3814 ’

242 3926 288 3974 ea
303 3903 430 3978 om'nia
445 3928 528 4000 qnae
555 3901 703 4006 disserit
718 3911 845 3975 noster
865 3903 913 3976 de
929 3903 1070 3979 Lutatii
1086 3919 1123 3982 et
1139 3908 1339 3983 Asdruba-
1362 3982 1365 3986 .

241 4014 286 4087 lis
315 4017 464 4102 foedere,
494 4042 516 4090 e
545 4016 723 4113 scriptore
752 4016 887 4091 Graeco
915 4020 1161 4119 exscripserit,
1190 4035 1230 4097 et
1248 4029 1348 4100 ,rer-,

240 4129 329 4202 bum
363 4131 475 4204 verbo
508 4155 603 4228 pene
636 4130 852 4210 reddiderit.
915 4133 1197 4239 Fugere-igitur
1222 4139 1337 4214 'illum

1407 1000 1416 1049 l
