2942 4750
432 230 525 293 LIB.
545 229 645 293 xm
673 231 771 299 CAP.
793 232 875 293 XLI
1152 240 1191 298 ⁶9

123 395 295 463 armano
312 396 380 459 ioco
400 404 475 459 ante
495 413 570 461 aros
589 405 746 471 mactum,
762 417 851 479 quem
868 395 1335 479 insimulet,pigetre-uccs1.

115 477 211 560 serre.
258 480 344 559 Qua·
355 482 460 562 hospes
473 482 682 544 Brundisinus
696 484 811 545 ocmtita
822 480 973 562 facinora
988 483 1113 558 indicet,
1128 506 1189 548 cer-
1199 480 1230 527 A.
1243 479 1270 526 ⁰
1282 479 1339 528 ²7¹·

115 576 183 629 trun
196 566 303 643 nabeo,
319 576 351 629 et
363 568 480 649 scripta
496 568 556 630 tibi
569 569 672 628 omnia
686 568 728 629 ab
739 568 841 630 Roma
863 578 982 643 esse,et
995 570 1112 653 legatos
1126 579 1191 634 tuos

115 653 322 719 rmrmoiusse.
366 654 446 717 Hcec
459 673 498 715 ne
512 654 680 716 dicerentur
694 672 715 714 o
729 674 784 728 me,
799 675 858 716 uno
871 656 959 717 modo
980 655 1081 716 vitare
1097 664 1191 733 potss-

115 739 184 814 isti,
199 759 261 800 uon
276 740 448 820 asserendo,
461 759 552 822 quam
566 739 603 800 ob
617 758 755 801 caussam
769 740 912 803 exercitus
926 741 960 802 in
972 739 1191 801 Macedoniam

119 822 348 906 trajicerentur,
377 832 432 885 out
453 824 610 905 presidia
638 825 673 887 in
700 823 842 886 sociorum
877 826 965 887 urbes
1000 826 1191 888 mitteremus.

121 907 284 982 Quaerenti
306 909 363 971 tibi
382 908 536 991 superbius
555 910 761 984 tacuissemus,
777 930 864 993 meam
879 932 951 973 vera
970 911 1191 993 respondimus.

113 995 342 1077 -Equisteospro
348 1004 478 1077 patemo
487 1003 593 1057 nostro
604 993 834 1079 hospitiofaveo
842 998 1051 1073 mariamnae,
1064 1006 1094 1057 et
1104 1005 1186 1077 opto,

117 1087 152 1141 ut
166 1080 306 1162 aliquam
319 1081 397 1143 mini
409 1081 564 1144 materiam
573 1079 716 1161 prebeas
729 1082 861 1163 ogendae
873 1091 936 1144 ture
949 1084 1033 1163 operti
1050 1091 1189 1144 senatum

115 1184 243 1228 caussari.

158 1248 254 1313 XLI.
276 1248 328 1312 Ad
342 1271 381 1313 eo
394 1270 467 1313 rex:
491 1250 614 1312 Boream
635 1271 783 1325 carosam,
799 1253 829 1313 si
850 1254 935 1331 apud
944 1250 1067 1334 judiees
1087 1268 1336 1334 equoseerseusoe

115 1343 273 1419 ageretur,
284 1338 368 1416 apud
380 1336 494 1399 eosdem
509 1344 539 1398 et
553 1345 742 1399 accusatores
755 1345 785 1398 et
789 1335 914 1418 yucirces
927 1358 971 1418 a,³
971 1358 1032 1399 em
1068 1340 1187 1400 Eorum
1195 1338 1291 1394 purgat.

112 1430 311 1502 mitemqrm
324 1421 440 1503 oirjeeia
453 1430 526 1484 nent
535 1422 621 1495 mini,
628 1423 749 1502 partim
763 1442 800 1481 ea
815 1432 894 1496 sunt,
910 1422 1017 1505 quibus
1031 1425 1130 1486 nescio
1145 1443 1187 1485 on

113 1507 250 1589 glossari
263 1506 406 1578 debeam·
426 1507 550 1589 partim,
567 1527 636 1590 qrcae
644 1506 750 1604 ferteri
771 1527 831 1567 non
854 1508 1040 1581 erubescam
1062 1510 1186 1586 partim,

113 1611 184 1688 qua
197 1590 415 1674 venemens
428 1593 517 1655 verno
531 1593 707 1674 negarent
753 1594 938 1669 Quidenim,
955 1594 1113 1676 sclegrbus
1123 1614 1187 1656 ues

112 1674 172 1738 tris
184 1675 270 1738 nodie
282 1698 351 1740 reus
370 1679 437 1751 sim,
455 1687 510 1739 nist
529 1678 623 1739 iudea
636 1677 854 1756 Brundisinus,
871 1689 927 1742 out
941 1682 1092 1741 Eumenes
1112 1678 1189 1739 mini

113 1758 252 1841 amiciet,
267 1772 302 1824 ut
315 1783 458 1825 armante
470 1765 579 1843 potius
591 1784 671 1838 uere,
688 1784 779 1845 quam
800 1766 978 1839 conviciari,
994 1765 1187 1825 videantur?

105 1845 246 1922 Scilicet,
261 1868 317 1910 nec
330 1848 493 1925 Eumenes,
510 1870 597 1931 quum
612 1857 675 1911 tam
690 1851 793 1912 multis
846 1852 913 1913 avis
924 1849 1046 1928 publice
1065 1869 1103 1908 ac
1117 1848 1188 1928 pri·

110 1932 210 1995 uatum
222 1934 274 2008 sit,
291 1935 400 2011 airum,
416 1954 507 2016 quam
520 1956 575 2010 me,
589 1936 743 1997 inimicum
757 1936 798 1997 tce
829 1936 883 1997 rit:
907 1955 1001 2016 neque
1018 1954 1076 2016 ego
1086 1935 1187 2014 potio·

105 2037 174 2080 rem
195 2039 373 2101 mquam
403 2021 447 2083 od
478 2019 650 2084 ministeria
670 2018 863 2100 saeirmrum,
886 2041 978 2102 quern
998 2020 1185 2094 Rammium,

111 2106 219 2203 (quem
227 2125 324 2186 neqsce
336 2125 476 2203 umquam
495 2116 570 2171 ante
587 2107 736 2181 videram,
752 2128 806 2169 nec
830 2128 913 2169 eram
930 2114 1033 2187 postea
1053 2104 1186 2204 pssum)

109 2190 253 2251 inuenire
269 2191 373 2269 potui.
417 2192 464 2253 Er
483 2190 705 2265 Ήιθὰαπωππ,
721 2213 793 2273 quos
813 2192 978 2289 naufragio
986 2192 1105 2272 perisse
1118 2210 1186 2252 cen·

106 2282 188 2347 stat,
204 2282 235 2334 et
249 2272 396 2336 Arserari
409 2276 502 2337 certis
515 2276 592 2337 mihi
606 2278 763 2336 reddenda
777 2278 858 2337 racio
872 2287 924 2337 est
948 2278 981 2336 in
1003 2297 1065 2355 qua
1088 2284 1188 2336 tamen

106 2357 195 2421 mihil
209 2356 295 2417 uitro
308 2356 456 2435 objicitur,
472 2379 562 2437 quam
577 2356 829 2434 interfectores
799 2379 863 2435 qus
878 2359 910 2419 in
924 2380 1019 2440 regno
1040 2358 1189 2419 exsulasse

106 2437 333 2519 meaCujus
351 2441 531 2501 conditionis
546 2440 740 2526 iniquitatem
759 2442 803 2497 ita
822 2459 884 2498 non
907 2460 969 2499 sum
987 2450 1189 2519 recusaturus,

103 2526 137 2591 ei
106 2461 214 2588 moos
235 2543 355 2605 queque
375 2522 526 2602 accipitis,
543 2530 587 2595 ut,
602 2522 780 2603 quicumque
799 2523 950 2584 exsules
937 2544 970 2584 ππ
985 2524 1114 2585 Italiam
1135 2534 1191 2587 aut

34 2671 42 2695 ,
104 2612 246 2676 Romam
270 2629 306 2670 se
328 2608 528 2683 eontukrunt,
545 2608 596 2669 tris
606 2605 801 2689 facinorum,
811 2618 944 2688 propter
957 2629 1024 2691 qsrae
1050 2611 1190 2673 damnati

103 2705 190 2771 sumt,
207 2703 346 2760 auctores
359 2694 518 2777 nosfhisse
523 2689 708 2771 fateamini.
752 2692 789 2755 Si
807 2694 864 2755 troc
877 2703 908 2756 et
921 2715 972 2758 vas
992 2696 1184 2773 recusabitis,

105 2792 141 2845 et
156 2801 259 2844 omnes
273 2781 349 2842 oiim
360 2789 479 2862 gentes,
493 2800 551 2863 ego
573 2799 689 2862 quoque
700 2777 783 2840 inter
795 2788 908 2843 eeteros
922 2802 980 2842 ero
1025 2784 1081 2857 Et,
1097 2783 1184 2845 Her-

104 2868 184 2940 cuis,
200 2866 276 2948 qto'd
287 2866 409 2928 adtinet
423 2867 564 2947 cuiquam
585 2864 721 2927 exsilium
735 2875 855 2944 patere,
871 2867 900 2927 si
918 2887 1063 2949 nusquam
1085 2870 1185 2932 exsuli

16 2979 18 3042 !
97 2949 228 3033 floram
247 2952 328 3013 locres
342 2955 415 3013 est?
438 2950 509 3033 Ego
523 2960 623 3012 tamen
636 2951 721 3024 istos,
737 2958 771 3011 ut
786 2951 922 3048 primum
944 2954 978 3011 in
994 2951 1183 3015 Macedonia

16 3045 17 3052 ’
105 3058 186 3137 esse,
208 3036 381 3098 manniae
406 3056 428 3097 a
455 3035 549 3108 vocis,
573 3036 716 3116 comperi,
738 3037 897 3118 requisitos
916 3036 1005 3097 abire
1027 3057 1065 3097 ea
1089 3057 1183 3118 regno

95 3121 195 3204 jussi,
210 3129 241 3183 et
255 3122 290 3182 in
298 3130 480 3202 perpetuum
500 3118 776 3201 intersticiflnibus
796 3122 882 3182 meis.
925 3123 970 3184 Et
985 3122 1050 3182 inec
1063 3122 1183 3203 quietern

105 3207 196 3283 mini,
221 3216 377 3305 tamquam
397 3226 531 3270 corruam
551 3206 664 3267 dicenti
684 3226 747 3279 reo,
772 3205 886 3287 offecto
908 3216 998 3268 sunt.-
1022 3209 1089 3282 illa,
1105 3216 1181 3270 tam

32 3313 202 3395 quam
214 3293 291 3373 regi,
305 3301 335 3353 et
349 3312 418 3374 arere
431 3289 604 3391 desedere,
614 3291 695 3372 qrrad
711 3290 786 3352 mihi
799 3301 844 3353 est
858 3292 1017 3366 vobiscum,
1031 3295 1181 3374 discepta-

105 3377 219 3440 tionem
240 3377 381 3440 habeam
426 3376 521 3454 Nam,
535 3399 563 3439 sc
559 3378 622 3439 est
637 3371 799 3454 infaciem
813 3378 860 3438 ita
873 3379 1026 3456 scriptum,
1041 3389 1076 3441 ut
1090 3401 1138 3456 πθ,
1153 3380 1182 3442 si

105 3460 217 3526 belinus
231 3462 351 3544 quidem
366 3462 434 3545 quis
451 3462 578 3546 inferat,
594 3462 675 3524 trieri
695 3483 742 3523 me
762 3483 942 3543 regnumque
963 3484 1056 3525 meum
1080 3465 1180 3542 liceat,

105 3545 185 3609 milti
189 3544 352 3626 fatendum
367 3556 420 3624 est,
436 3549 579 3630 quodne
592 3548 690 3608 arnsis
710 3545 852 3610 adversus
866 3548 1053 3630 Abrupolim,
1069 3552 1180 3615 socium

101 3633 217 3714 papati
237 3633 384 3708 Romani,
401 3596 725 3780 iesendmim,foedus
732 3634 781 3695 nio
782 3635 876 3695 latum
896 3655 969 3695 esse.
1013 3636 1065 3699 Sin
1080 3645 1179 3699 autern

107 3717 166 3780 Iros
179 3728 211 3781 et
225 3718 498 3801 exscudereicuit,
516 3726 546 3780 et
550 3717 627 3801 jare
636 3719 772 3801 gentium
788 3720 813 3779 ir
815 3740 835 3780 e
853 3731 1060 3799 recuperatum
1075 3731 1130 3799 est,
1146 3729 1180 3781 ut

106 3824 198 3866 arma
215 3805 311 3865 armis
317 3805 545 3903 proprcisentur,
557 3804 631 3887 quid
644 3805 769 3865 tandem
788 3826 833 3866 me
842 3805 954 3887 facere
967 3807 1073 3882 decuit,
1090 3823 1179 3887 quum

105 3890 277 3970 Amupotis
288 3891 369 3970 fines
382 3891 441 3951 mei
455 3891 545 3973 regni
571 3909 664 3970 resque
684 3890 726 3950 od
741 3889 948 3971 Amphipolim
964 3900 1089 3972 pervast
1077 3896 1180 3964 t‚asset

105 3976 206 4038 multa
221 3975 320 4039 libero
339 3975 452 4055 capita,
469 3995 612 4057 magnam
633 3975 693 4037 vim
715 3978 943 4056 mancipiorum,
959 3978 1033 4038 mult
1021 3986 1054 4035 ta
1078 3933 1180 4033 millii

100 4081 247 4161 pecorum
261 4059 436 4142 abegisset?
463 4058 648 4126 Quiesceem
663 4070 693 4123 et
701 4071 840 4142 paterer,
858 4062 952 4123 donec
965 4062 1027 4122 Pel
1014 4057 1091 4119 llam
1105 4065 1137 4117 et
1146 4056 1179 4120 in

106 4148 226 4242 regiam
252 4166 347 4208 meam
373 4153 509 4208 armana
529 4147 744 4246 mersisset?
779 4147 824 4209 As
850 4145 926 4206 enim
955 4144 1003 4203 bel
990 4144 1032 4203 llo
1061 4141 1178 4225 quiden

92 4229 185 4314 juno
205 4251 269 4296 mem
285 4240 482 4314 perseuerus3
503 4231 558 4293 sect
577 4233 659 4295 vinci
680 4254 741 4295 non
762 4229 895 4313 oportuit
915 4247 990 4303 eum,
1012 4249 1107 4313 neque
1127 4253 1177 4310 ea,

106 4335 178 4400 que
191 4318 281 4381 victas
295 4317 446 4399 accidunt,
454 4317 551 4401 pacis
572 4338 697 4402 quarum
716 4336 818 4384 casum
838 4333 927 4397 quum
948 4334 1005 4402 ego,
1022 4316 1177 4392 moerim,

672 4421 692 4470 1
707 4410 728 4466 3
