<?xml version="1.0" encoding="UTF-8"?>
<!DOCTYPE html PUBLIC "-//W3C//DTD XHTML 1.0 Transitional//EN"
    "http://www.w3.org/TR/xhtml1/DTD/xhtml1-transitional.dtd">
<html xmlns="http://www.w3.org/1999/xhtml" xml:lang="en" lang="en">
 <head>
  <title>
</title>
<meta http-equiv="Content-Type" content="text/html;charset=utf-8" />
  <meta name='ocr-system' content='tesseract 3.04.00' />
  <meta name='ocr-capabilities' content='ocr_page ocr_carea ocr_par ocr_line ocrx_word'/>
</head>
<body>
  <div class='ocr_page' id='page_1' title='image "./tliviipatavinih05crevgoog/tliviipatavinih05crevgoog_0201.png"; bbox 0 0 2942 4750; ppageno 0'>
   <div class='ocr_carea' id='block_1_1' title="bbox 392 129 1155 236">
    <p class='ocr_par' dir='ltr' id='par_1_1' title="bbox 392 129 1155 236">
     <span class='ocr_line' id='line_1_1' title="bbox 392 129 1155 236; baseline -0.004 -13"><span class='ocrx_word' id='word_1_1' title='bbox 392 163 488 236; x_wconf 76' lang='lat' dir='ltr'><strong>sss.</strong></span> <span class='ocrx_word' id='word_1_2' title='bbox 509 162 602 232; x_wconf 76' lang='lat' dir='ltr'><strong>aar.</strong></span> <span class='ocrx_word' id='word_1_3' title='bbox 626 129 721 235; x_wconf 68' lang='lat' dir='ltr'><strong>car.</strong></span> <span class='ocrx_word' id='word_1_4' title='bbox 743 161 854 223; x_wconf 85' lang='lat' dir='ltr'><strong>xxn.</strong></span> <span class='ocrx_word' id='word_1_5' title='bbox 1099 168 1155 222; x_wconf 81' lang='lat' dir='ltr'><strong>ros</strong></span> 
     </span>
    </p>
   </div>
   <div class='ocr_carea' id='block_1_2' title="bbox 38 323 1292 3729">
    <p class='ocr_par' dir='ltr' id='par_1_2' title="bbox 87 323 1292 582">
     <span class='ocr_line' id='line_1_2' title="bbox 92 323 1292 412; baseline -0.008 -20"><span class='ocrx_word' id='word_1_6' title='bbox 92 323 241 393; x_wconf 64' lang='lat' dir='ltr'><strong>Protesi</strong></span> <span class='ocrx_word' id='word_1_7' title='bbox 259 325 366 392; x_wconf 80' lang='lat' dir='ltr'><strong>classis</strong></span> <span class='ocrx_word' id='word_1_8' title='bbox 387 327 416 390; x_wconf 94' lang='lat' dir='ltr'><strong>id</strong></span> <span class='ocrx_word' id='word_1_9' title='bbox 434 328 527 396; x_wconf 79' lang='lat' dir='ltr'><strong>unitis</strong></span> <span class='ocrx_word' id='word_1_10' title='bbox 543 337 611 394; x_wconf 87' lang='lat' dir='ltr'><strong>erat</strong></span> <span class='ocrx_word' id='word_1_11' title='bbox 619 327 684 411; x_wconf 88' lang='lat' dir='ltr'><strong>jus,</strong></span> <span class='ocrx_word' id='word_1_12' title='bbox 703 339 737 390; x_wconf 91' lang='lat' dir='ltr'><strong>ut</strong></span> <span class='ocrx_word' id='word_1_13' title='bbox 751 347 844 412; x_wconf 70' lang='lat' dir='ltr'><strong>agere</strong></span> <span class='ocrx_word' id='word_1_14' title='bbox 858 323 899 388; x_wconf 87' lang='lat' dir='ltr'><strong>de</strong></span> <span class='ocrx_word' id='word_1_15' title='bbox 916 346 953 385; x_wconf 86' lang='lat' dir='ltr'><strong>ea</strong></span> <span class='ocrx_word' id='word_1_16' title='bbox 968 344 1002 386; x_wconf 89' lang='lat' dir='ltr'><strong>re</strong></span> <span class='ocrx_word' id='word_1_17' title='bbox 1016 324 1082 387; x_wconf 91' lang='lat' dir='ltr'><strong>sine</strong></span> <span class='ocrx_word' id='word_1_18' title='bbox 1098 346 1150 392; x_wconf 88' lang='lat' dir='ltr'><strong>ro-</strong></span> <span class='ocrx_word' id='word_1_19' title='bbox 1161 339 1189 385; x_wconf 80' lang='grc' dir='ltr'><strong>υ.</strong></span> <span class='ocrx_word' id='word_1_20' title='bbox 1199 339 1292 388; x_wconf 74' lang='lat' dir='ltr'><strong>nasa</strong></span> 
     </span>
     <span class='ocr_line' id='line_1_3' title="bbox 88 404 1291 496; baseline -0.001 -20"><span class='ocrx_word' id='word_1_21' title='bbox 88 411 223 496; x_wconf 76' lang='lat' dir='ltr'><strong>gestione</strong></span> <span class='ocrx_word' id='word_1_22' title='bbox 235 410 298 476; x_wconf 87' lang='lat' dir='ltr'><strong>nlla</strong></span> <span class='ocrx_word' id='word_1_23' title='bbox 311 409 432 494; x_wconf 86' lang='lat' dir='ltr'><strong>perlata</strong></span> <span class='ocrx_word' id='word_1_24' title='bbox 446 425 563 495; x_wconf 87' lang='lat' dir='ltr'><strong>posset.</strong></span> <span class='ocrx_word' id='word_1_25' title='bbox 585 433 660 476; x_wconf 87' lang='lat' dir='ltr'><strong>nam</strong></span> <span class='ocrx_word' id='word_1_26' title='bbox 676 413 719 475; x_wconf 87' lang='lat' dir='ltr'><strong>ita</strong></span> <span class='ocrx_word' id='word_1_27' title='bbox 733 433 790 495; x_wconf 84' lang='lat' dir='ltr'><strong>pcr</strong></span> <span class='ocrx_word' id='word_1_28' title='bbox 805 420 854 474; x_wconf 93' lang='lat' dir='ltr'><strong>tot</strong></span> <span class='ocrx_word' id='word_1_29' title='bbox 867 431 968 474; x_wconf 88' lang='lat' dir='ltr'><strong>annos</strong></span> <span class='ocrx_word' id='word_1_30' title='bbox 992 409 1023 472; x_wconf 91' lang='lat' dir='ltr'><strong>in</strong></span> <span class='ocrx_word' id='word_1_31' title='bbox 1039 410 1147 476; x_wconf 81' lang='lat' dir='ltr'><strong>amici·</strong></span> <span class='ocrx_word' id='word_1_32' title='bbox 1156 405 1188 454; x_wconf 64' lang='grc' dir='ltr'><strong>Α·</strong></span> <span class='ocrx_word' id='word_1_33' title='bbox 1198 405 1224 450; x_wconf 80' lang='lat'><strong>⁰·</strong></span> <span class='ocrx_word' id='word_1_34' title='bbox 1239 404 1291 452; x_wconf 72' lang='lat'><strong>¹⁶⁷·</strong></span> 
     </span>
     <span class='ocr_line' id='line_1_4' title="bbox 87 493 1147 582; baseline -0.003 -20"><span class='ocrx_word' id='word_1_35' title='bbox 87 496 131 562; x_wconf 78' lang='lat' dir='ltr'><strong>tis</strong></span> <span class='ocrx_word' id='word_1_36' title='bbox 153 495 288 570; x_wconf 78' lang='lat' dir='ltr'><strong>fuerant,</strong></span> <span class='ocrx_word' id='word_1_37' title='bbox 309 511 344 562; x_wconf 91' lang='lat' dir='ltr'><strong>ut</strong></span> <span class='ocrx_word' id='word_1_38' title='bbox 365 496 470 562; x_wconf 84' lang='lat' dir='ltr'><strong>sociali</strong></span> <span class='ocrx_word' id='word_1_39' title='bbox 489 495 611 561; x_wconf 88' lang='lat' dir='ltr'><strong>foederc</strong></span> <span class='ocrx_word' id='word_1_40' title='bbox 630 518 663 560; x_wconf 86' lang='lat' dir='ltr'><strong>se</strong></span> <span class='ocrx_word' id='word_1_41' title='bbox 680 518 753 560; x_wconf 87' lang='lat' dir='ltr'><strong>eum</strong></span> <span class='ocrx_word' id='word_1_42' title='bbox 778 496 930 560; x_wconf 84' lang='lat' dir='ltr'><strong>Romanis</strong></span> <span class='ocrx_word' id='word_1_43' title='bbox 952 515 1015 556; x_wconf 92' lang='lat' dir='ltr'><strong>non</strong></span> <span class='ocrx_word' id='word_1_44' title='bbox 1035 493 1147 582; x_wconf 78' lang='lat' dir='ltr'><strong>inliga-</strong></span> 
     </span>
    </p>

    <p class='ocr_par' dir='ltr' id='par_1_3' title="bbox 81 578 1223 1176">
     <span class='ocr_line' id='line_1_5' title="bbox 87 578 1147 677; baseline 0 -33"><span class='ocrx_word' id='word_1_45' title='bbox 87 592 160 645; x_wconf 88' lang='lat' dir='ltr'><strong>rent</strong></span> <span class='ocrx_word' id='word_1_46' title='bbox 174 579 215 646; x_wconf 92' lang='lat' dir='ltr'><strong>ob</strong></span> <span class='ocrx_word' id='word_1_47' title='bbox 230 581 348 646; x_wconf 80' lang='lat' dir='ltr'><strong>nullam</strong></span> <span class='ocrx_word' id='word_1_48' title='bbox 365 581 456 644; x_wconf 86' lang='lat' dir='ltr'><strong>aliam</strong></span> <span class='ocrx_word' id='word_1_49' title='bbox 476 604 628 658; x_wconf 70' lang='lat' dir='ltr'><strong>cannam,</strong></span> <span class='ocrx_word' id='word_1_50' title='bbox 652 603 746 667; x_wconf 85' lang='lat' dir='ltr'><strong>quarn</strong></span> <span class='ocrx_word' id='word_1_51' title='bbox 769 603 810 643; x_wconf 89' lang='lat' dir='ltr'><strong>ne</strong></span> <span class='ocrx_word' id='word_1_52' title='bbox 832 601 919 662; x_wconf 82' lang='lat' dir='ltr'><strong>spem</strong></span> <span class='ocrx_word' id='word_1_53' title='bbox 942 578 1070 677; x_wconf 73' lang='lat' dir='ltr'><strong>regibus</strong></span> <span class='ocrx_word' id='word_1_54' title='bbox 1092 580 1147 644; x_wconf 88' lang='lat' dir='ltr'><strong>ab·</strong></span> 
     </span>
     <span class='ocr_line' id='line_1_6' title="bbox 87 662 1147 753; baseline 0.001 -24"><span class='ocrx_word' id='word_1_55' title='bbox 87 666 265 729; x_wconf 68' lang='lat' dir='ltr'><strong>scinderent</strong></span> <span class='ocrx_word' id='word_1_56' title='bbox 279 667 388 732; x_wconf 82' lang='lat' dir='ltr'><strong>auxilii</strong></span> <span class='ocrx_word' id='word_1_57' title='bbox 399 667 463 742; x_wconf 87' lang='lat' dir='ltr'><strong>sni,</strong></span> <span class='ocrx_word' id='word_1_58' title='bbox 479 669 504 730; x_wconf 91' lang='lat' dir='ltr'><strong>si</strong></span> <span class='ocrx_word' id='word_1_59' title='bbox 520 667 570 731; x_wconf 86' lang='lat' dir='ltr'><strong>cui</strong></span> <span class='ocrx_word' id='word_1_60' title='bbox 586 690 666 753; x_wconf 88' lang='lat' dir='ltr'><strong>opus</strong></span> <span class='ocrx_word' id='word_1_61' title='bbox 682 679 771 743; x_wconf 87' lang='lat' dir='ltr'><strong>esset,</strong></span> <span class='ocrx_word' id='word_1_62' title='bbox 787 687 849 728; x_wconf 88' lang='lat' dir='ltr'><strong>nen</strong></span> <span class='ocrx_word' id='word_1_63' title='bbox 861 664 920 730; x_wconf 88' lang='lat' dir='ltr'><strong>sibi</strong></span> <span class='ocrx_word' id='word_1_64' title='bbox 936 665 1012 746; x_wconf 80' lang='lat' dir='ltr'><strong>ipsis</strong></span> <span class='ocrx_word' id='word_1_65' title='bbox 1025 662 1147 729; x_wconf 83' lang='lat' dir='ltr'><strong>fructus</strong></span> 
     </span>
     <span class='ocr_line' id='line_1_7' title="bbox 85 749 1146 837; baseline -0.001 -23"><span class='ocrx_word' id='word_1_66' title='bbox 85 772 126 814; x_wconf 79' lang='lat' dir='ltr'><strong>es</strong></span> <span class='ocrx_word' id='word_1_67' title='bbox 141 752 335 837; x_wconf 75' lang='lat' dir='ltr'>benignitate</span> <span class='ocrx_word' id='word_1_68' title='bbox 348 767 379 815; x_wconf 91' lang='lat' dir='ltr'><strong>et</strong></span> <span class='ocrx_word' id='word_1_69' title='bbox 393 751 520 818; x_wconf 73' lang='lat' dir='ltr'><strong>foruna</strong></span> <span class='ocrx_word' id='word_1_70' title='bbox 542 774 650 816; x_wconf 84' lang='lat' dir='ltr'><strong>eorum</strong></span> <span class='ocrx_word' id='word_1_71' title='bbox 674 749 880 835; x_wconf 83' lang='lat' dir='ltr'><strong>percipiendi.</strong></span> <span class='ocrx_word' id='word_1_72' title='bbox 923 751 1015 814; x_wconf 86' lang='lat' dir='ltr'><strong>Tunc</strong></span> <span class='ocrx_word' id='word_1_73' title='bbox 1037 750 1081 812; x_wconf 89' lang='lat' dir='ltr'><strong>ut&#39;</strong></span> <span class='ocrx_word' id='word_1_74' title='bbox 1107 772 1146 813; x_wconf 83' lang='lat' dir='ltr'><strong>ue</strong></span> 
     </span>
     <span class='ocr_line' id='line_1_8' title="bbox 84 771 1145 920; baseline -0.001 -21"><span class='ocrx_word' id='word_1_75' title='bbox 84 835 222 919; x_wconf 85' lang='lat' dir='ltr'><strong>petenda</strong></span> <span class='ocrx_word' id='word_1_76' title='bbox 246 839 376 902; x_wconf 87' lang='lat' dir='ltr'><strong>societas</strong></span> <span class='ocrx_word' id='word_1_77' title='bbox 402 837 581 911; x_wconf 80' lang='lat' dir='ltr'><strong>sitiebatur3</strong></span> <span class='ocrx_word' id='word_1_78' title='bbox 615 858 679 902; x_wconf 89' lang='lat' dir='ltr'><strong>non</strong></span> <span class='ocrx_word' id='word_1_79' title='bbox 700 859 772 920; x_wconf 85' lang='lat' dir='ltr'><strong>quse</strong></span> <span class='ocrx_word' id='word_1_80' title='bbox 792 837 921 900; x_wconf 85' lang='lat' dir='ltr'><strong>tutiores</strong></span> <span class='ocrx_word' id='word_1_81' title='bbox 941 856 995 898; x_wconf 89' lang='lat' dir='ltr'><strong>eos</strong></span> <span class='ocrx_word' id='word_1_82' title='bbox 1014 833 1054 902; x_wconf 86' lang='lat' dir='ltr'><strong>ab</strong></span> <span class='ocrx_word' id='word_1_83' title='bbox 1075 771 1145 899; x_wconf 55' lang='lat' dir='ltr'><strong>diis</strong></span> 
     </span>
     <span class='ocr_line' id='line_1_9' title="bbox 84 919 1223 1007; baseline -0.002 -21"><span class='ocrx_word' id='word_1_84' title='bbox 84 919 212 996; x_wconf 84' lang='lat' dir='ltr'><strong>faceret,</strong></span> <span class='ocrx_word' id='word_1_85' title='bbox 230 929 302 1004; x_wconf 85' lang='lat' dir='ltr'><strong>(neo</strong></span> <span class='ocrx_word' id='word_1_86' title='bbox 323 920 405 986; x_wconf 89' lang='lat' dir='ltr'><strong>enim</strong></span> <span class='ocrx_word' id='word_1_87' title='bbox 429 922 582 990; x_wconf 83' lang='lat' dir='ltr'><strong>timebant</strong></span> <span class='ocrx_word' id='word_1_88' title='bbox 604 944 805 1007; x_wconf 85' lang='lat' dir='ltr'><strong>quemqnam,</strong></span> <span class='ocrx_word' id='word_1_89' title='bbox 829 932 945 1004; x_wconf 76' lang='lat' dir='ltr'><strong>praeter</strong></span> <span class='ocrx_word' id='word_1_90' title='bbox 969 919 1144 1001; x_wconf 86' lang='lat' dir='ltr'><strong>Romanos)</strong></span> <span class='ocrx_word' id='word_1_91' title='bbox 1220 989 1223 994; x_wconf 20' lang='lat'><strong>⁴</strong></span> 
     </span>
     <span class='ocr_line' id='line_1_10' title="bbox 83 1004 1145 1090; baseline 0 -21"><span class='ocrx_word' id='word_1_92' title='bbox 83 1004 141 1069; x_wconf 83' lang='lat' dir='ltr'><strong>sed</strong></span> <span class='ocrx_word' id='word_1_93' title='bbox 163 1028 237 1090; x_wconf 72' lang='lat' dir='ltr'><strong>qne</strong></span> <span class='ocrx_word' id='word_1_94' title='bbox 262 1007 335 1089; x_wconf 85' lang='lat' dir='ltr'><strong>ipsis</strong></span> <span class='ocrx_word' id='word_1_95' title='bbox 361 1007 513 1074; x_wconf 77' lang='lat' dir='ltr'><strong>Romanis</strong></span> <span class='ocrx_word' id='word_1_96' title='bbox 541 1007 643 1074; x_wconf 88' lang='lat' dir='ltr'><strong>minus</strong></span> <span class='ocrx_word' id='word_1_97' title='bbox 665 1019 839 1088; x_wconf 84' lang='lat' dir='ltr'><strong>suspectos.</strong></span> <span class='ocrx_word' id='word_1_98' title='bbox 885 1004 952 1070; x_wconf 85' lang='lat' dir='ltr'><strong>Sub</strong></span> <span class='ocrx_word' id='word_1_99' title='bbox 974 1004 1056 1067; x_wconf 88' lang='lat' dir='ltr'><strong>idem</strong></span> <span class='ocrx_word' id='word_1_100' title='bbox 1079 1004 1145 1069; x_wconf 85' lang='lat' dir='ltr'><strong>fere</strong></span> 
     </span>
     <span class='ocr_line' id='line_1_11' title="bbox 81 1089 1144 1176; baseline -0.002 -22"><span class='ocrx_word' id='word_1_101' title='bbox 81 1100 208 1174; x_wconf 76' lang='lat' dir='ltr'><strong>ternpus</strong></span> <span class='ocrx_word' id='word_1_102' title='bbox 223 1104 255 1155; x_wconf 89' lang='lat' dir='ltr'><strong>et</strong></span> <span class='ocrx_word' id='word_1_103' title='bbox 271 1092 386 1156; x_wconf 86' lang='lat' dir='ltr'><strong>Caunii</strong></span> <span class='ocrx_word' id='word_1_104' title='bbox 400 1091 558 1168; x_wconf 84' lang='lat' dir='ltr'><strong>descivere</strong></span> <span class='ocrx_word' id='word_1_105' title='bbox 572 1090 613 1156; x_wconf 82' lang='lat' dir='ltr'><strong>ab</strong></span> <span class='ocrx_word' id='word_1_106' title='bbox 628 1091 687 1167; x_wconf 88' lang='lat' dir='ltr'><strong>bis,</strong></span> <span class='ocrx_word' id='word_1_107' title='bbox 706 1106 738 1155; x_wconf 88' lang='lat' dir='ltr'><strong>et</strong></span> <span class='ocrx_word' id='word_1_108' title='bbox 755 1090 949 1176; x_wconf 72' lang='lat' dir='ltr'><strong>Mylasenses</strong></span> <span class='ocrx_word' id='word_1_109' title='bbox 965 1089 1144 1164; x_wconf 85' lang='lat' dir='ltr'><strong>Euromen-</strong></span> 
     </span>
    </p>

    <p class='ocr_par' dir='ltr' id='par_1_4' title="bbox 81 1175 1144 1260">
     <span class='ocr_line' id='line_1_12' title="bbox 81 1175 1144 1260; baseline 0.001 -21"><span class='ocrx_word' id='word_1_110' title='bbox 81 1176 167 1239; x_wconf 84' lang='lat' dir='ltr'><strong>sium</strong></span> <span class='ocrx_word' id='word_1_111' title='bbox 195 1177 313 1259; x_wconf 88' lang='lat' dir='ltr'><strong>oppida</strong></span> <span class='ocrx_word' id='word_1_112' title='bbox 336 1190 543 1260; x_wconf 84' lang='lat' dir='ltr'><strong>occuparunt.</strong></span> <span class='ocrx_word' id='word_1_113' title='bbox 589 1177 662 1240; x_wconf 87' lang='lat' dir='ltr'><strong>Non</strong></span> <span class='ocrx_word' id='word_1_114' title='bbox 694 1178 738 1240; x_wconf 87' lang='lat' dir='ltr'><strong>ita</strong></span> <span class='ocrx_word' id='word_1_115' title='bbox 765 1175 854 1240; x_wconf 84' lang='lat' dir='ltr'><strong>fracti</strong></span> <span class='ocrx_word' id='word_1_116' title='bbox 883 1176 981 1242; x_wconf 89' lang='lat' dir='ltr'><strong>animi</strong></span> <span class='ocrx_word' id='word_1_117' title='bbox 1010 1175 1144 1240; x_wconf 83' lang='lat' dir='ltr'><strong>civitatis</strong></span> 
     </span>
    </p>

    <p class='ocr_par' dir='ltr' id='par_1_5' title="bbox 81 1260 1142 1348">
     <span class='ocr_line' id='line_1_13' title="bbox 81 1260 1142 1348; baseline 0 -22"><span class='ocrx_word' id='word_1_118' title='bbox 81 1273 184 1335; x_wconf 83' lang='lat' dir='ltr'><strong>erant,</strong></span> <span class='ocrx_word' id='word_1_119' title='bbox 201 1277 237 1325; x_wconf 84' lang='lat' dir='ltr'><strong>ut</strong></span> <span class='ocrx_word' id='word_1_120' title='bbox 251 1283 314 1325; x_wconf 85' lang='lat' dir='ltr'><strong>non</strong></span> <span class='ocrx_word' id='word_1_121' title='bbox 329 1264 491 1336; x_wconf 86' lang='lat' dir='ltr'><strong>sentirent,</strong></span> <span class='ocrx_word' id='word_1_122' title='bbox 505 1263 532 1324; x_wconf 87' lang='lat' dir='ltr'><strong>si</strong></span> <span class='ocrx_word' id='word_1_123' title='bbox 549 1261 648 1348; x_wconf 86' lang='lat' dir='ltr'><strong>Lycia</strong></span> <span class='ocrx_word' id='word_1_124' title='bbox 662 1278 693 1330; x_wconf 86' lang='lat' dir='ltr'><strong>et</strong></span> <span class='ocrx_word' id='word_1_125' title='bbox 710 1261 806 1325; x_wconf 84' lang='lat' dir='ltr'><strong>Caria</strong></span> <span class='ocrx_word' id='word_1_126' title='bbox 820 1260 954 1324; x_wconf 70' lang='lat' dir='ltr'><strong>ademtae</strong></span> <span class='ocrx_word' id='word_1_127' title='bbox 966 1260 1006 1324; x_wconf 92' lang='lat' dir='ltr'><strong>ab</strong></span> <span class='ocrx_word' id='word_1_128' title='bbox 1023 1260 1142 1326; x_wconf 85' lang='lat' dir='ltr'><strong>Rorna-</strong></span> 
     </span>
    </p>

    <p class='ocr_par' dir='ltr' id='par_1_6' title="bbox 79 1344 1141 1430">
     <span class='ocr_line' id='line_1_14' title="bbox 79 1344 1141 1430; baseline -0.003 -18"><span class='ocrx_word' id='word_1_129' title='bbox 79 1346 131 1412; x_wconf 72' lang='lat' dir='ltr'><strong>ta‘s</strong></span> <span class='ocrx_word' id='word_1_130' title='bbox 157 1344 270 1420; x_wconf 77' lang='lat' dir='ltr'><strong>linem,</strong></span> <span class='ocrx_word' id='word_1_131' title='bbox 296 1358 401 1410; x_wconf 84' lang='lat' dir='ltr'><strong>cetera</strong></span> <span class='ocrx_word' id='word_1_132' title='bbox 426 1361 479 1412; x_wconf 88' lang='lat' dir='ltr'><strong>aut</strong></span> <span class='ocrx_word' id='word_1_133' title='bbox 503 1370 537 1409; x_wconf 84' lang='lat' dir='ltr'><strong>se</strong></span> <span class='ocrx_word' id='word_1_134' title='bbox 562 1347 630 1430; x_wconf 86' lang='lat' dir='ltr'><strong>ipsa</strong></span> <span class='ocrx_word' id='word_1_135' title='bbox 655 1368 712 1430; x_wconf 83' lang='lat' dir='ltr'><strong>per</strong></span> <span class='ocrx_word' id='word_1_136' title='bbox 733 1345 941 1412; x_wconf 85' lang='lat' dir='ltr'><strong>delectionem</strong></span> <span class='ocrx_word' id='word_1_137' title='bbox 961 1344 1141 1421; x_wconf 73' lang='lat' dir='ltr'><strong>liberarent,</strong></span> 
     </span>
    </p>

    <p class='ocr_par' dir='ltr' id='par_1_7' title="bbox 79 1429 1239 1603">
     <span class='ocr_line' id='line_1_15' title="bbox 82 1429 1239 1516; baseline 0 -21"><span class='ocrx_word' id='word_1_138' title='bbox 82 1443 140 1495; x_wconf 88' lang='lat' dir='ltr'><strong>aut</strong></span> <span class='ocrx_word' id='word_1_139' title='bbox 165 1452 184 1494; x_wconf 87' lang='lat' dir='ltr'><strong>a</strong></span> <span class='ocrx_word' id='word_1_140' title='bbox 208 1431 348 1495; x_wconf 84' lang='lat' dir='ltr'><strong>finitimis</strong></span> <span class='ocrx_word' id='word_1_141' title='bbox 373 1446 615 1516; x_wconf 79' lang='lat' dir='ltr'><strong>occuparentur,</strong></span> <span class='ocrx_word' id='word_1_142' title='bbox 643 1431 762 1496; x_wconf 83' lang='lat' dir='ltr'><strong>includi</strong></span> <span class='ocrx_word' id='word_1_143' title='bbox 788 1453 821 1493; x_wconf 90' lang='lat' dir='ltr'><strong>se</strong></span> <span class='ocrx_word' id='word_1_144' title='bbox 844 1429 955 1494; x_wconf 78' lang='lat' dir='ltr'><strong>insulas</strong></span> <span class='ocrx_word' id='word_1_145' title='bbox 980 1451 1086 1514; x_wconf 76' lang='lat' dir='ltr'><strong>parvae</strong></span> <span class='ocrx_word' id='word_1_146' title='bbox 1111 1444 1142 1495; x_wconf 84' lang='lat' dir='ltr'><strong>et</strong></span> <span class='ocrx_word' id='word_1_147' title='bbox 1226 1478 1239 1504; x_wconf 90' lang='lat'><strong>,</strong></span> 
     </span>
     <span class='ocr_line' id='line_1_16' title="bbox 79 1515 1142 1603; baseline -0.001 -23"><span class='ocrx_word' id='word_1_148' title='bbox 79 1515 196 1580; x_wconf 83' lang='lat' dir='ltr'><strong>sterilis</strong></span> <span class='ocrx_word' id='word_1_149' title='bbox 209 1517 277 1603; x_wconf 78' lang='lat' dir='ltr'><strong>agri</strong></span> <span class='ocrx_word' id='word_1_150' title='bbox 295 1516 447 1594; x_wconf 86' lang='lat' dir='ltr'><strong>litoribus,</strong></span> <span class='ocrx_word' id='word_1_151' title='bbox 464 1539 538 1603; x_wconf 77' lang='lat' dir='ltr'><strong>quaa</strong></span> <span class='ocrx_word' id='word_1_152' title='bbox 552 1538 753 1602; x_wconf 86' lang='lat' dir='ltr'><strong>nequaquam</strong></span> <span class='ocrx_word' id='word_1_153' title='bbox 772 1515 856 1582; x_wconf 86' lang='lat' dir='ltr'><strong>alere</strong></span> <span class='ocrx_word' id='word_1_154' title='bbox 870 1527 966 1580; x_wconf 79' lang='lat' dir='ltr'><strong>tantae</strong></span> <span class='ocrx_word' id='word_1_155' title='bbox 982 1515 1069 1580; x_wconf 89' lang='lat' dir='ltr'><strong>urbis</strong></span> <span class='ocrx_word' id='word_1_156' title='bbox 1083 1539 1142 1601; x_wconf 50' lang='lat' dir='ltr'><strong>poa</strong></span> 
     </span>
    </p>

    <p class='ocr_par' dir='ltr' id='par_1_8' title="bbox 77 1599 1141 1772">
     <span class='ocr_line' id='line_1_17' title="bbox 78 1599 1140 1688; baseline 0.001 -24"><span class='ocrx_word' id='word_1_157' title='bbox 78 1599 193 1685; x_wconf 87' lang='lat' dir='ltr'><strong>pniurn</strong></span> <span class='ocrx_word' id='word_1_158' title='bbox 218 1614 332 1685; x_wconf 78' lang='lat' dir='ltr'><strong>posset</strong></span> <span class='ocrx_word' id='word_1_159' title='bbox 351 1604 444 1668; x_wconf 85' lang='lat' dir='ltr'><strong>missa</strong></span> <span class='ocrx_word' id='word_1_160' title='bbox 465 1602 563 1688; x_wconf 82' lang='lat' dir='ltr'><strong>igitur</strong></span> <span class='ocrx_word' id='word_1_161' title='bbox 579 1604 758 1686; x_wconf 70' lang='lat' dir='ltr'><strong>juventute,</strong></span> <span class='ocrx_word' id='word_1_162' title='bbox 778 1623 914 1685; x_wconf 75' lang='lat' dir='ltr'><strong>propere</strong></span> <span class='ocrx_word' id='word_1_163' title='bbox 934 1617 965 1666; x_wconf 87' lang='lat' dir='ltr'><strong>et</strong></span> <span class='ocrx_word' id='word_1_164' title='bbox 989 1603 1140 1681; x_wconf 86' lang='lat' dir='ltr'><strong>Caunios,</strong></span> 
     </span>
     <span class='ocr_line' id='line_1_18' title="bbox 77 1686 1141 1772; baseline -0.005 -17"><span class='ocrx_word' id='word_1_165' title='bbox 77 1707 272 1772; x_wconf 75' lang='lat' dir='ltr'><strong>quamquam</strong></span> <span class='ocrx_word' id='word_1_166' title='bbox 289 1686 512 1771; x_wconf 77' lang='lat' dir='ltr'><strong>Cibyratarum</strong></span> <span class='ocrx_word' id='word_1_167' title='bbox 527 1687 722 1754; x_wconf 82' lang='lat' dir='ltr'><strong>adsciverant</strong></span> <span class='ocrx_word' id='word_1_168' title='bbox 744 1687 872 1767; x_wconf 80' lang='lat' dir='ltr'><strong>auxilia,</strong></span> <span class='ocrx_word' id='word_1_169' title='bbox 887 1691 1059 1772; x_wconf 79' lang='lat' dir='ltr'><strong>coligerunt</strong></span> <span class='ocrx_word' id='word_1_170' title='bbox 1082 1690 1141 1750; x_wconf 88' lang='lat' dir='ltr'><strong>im·</strong></span> 
     </span>
    </p>

    <p class='ocr_par' dir='ltr' id='par_1_9' title="bbox 75 1771 1141 2019">
     <span class='ocr_line' id='line_1_19' title="bbox 76 1771 1141 1858; baseline -0.006 -20"><span class='ocrx_word' id='word_1_171' title='bbox 76 1771 171 1855; x_wconf 77' lang='lat' dir='ltr'><strong>perio</strong></span> <span class='ocrx_word' id='word_1_172' title='bbox 195 1793 323 1855; x_wconf 80' lang='lat' dir='ltr'><strong>parerer</strong></span> <span class='ocrx_word' id='word_1_173' title='bbox 356 1783 389 1835; x_wconf 83' lang='lat' dir='ltr'><strong>et</strong></span> <span class='ocrx_word' id='word_1_174' title='bbox 412 1771 606 1856; x_wconf 75' lang='lat' dir='ltr'><strong>Mylasenses</strong></span> <span class='ocrx_word' id='word_1_175' title='bbox 629 1772 925 1858; x_wconf 76' lang='lat' dir='ltr'><strong>Alabanrlenosrjne,</strong></span> <span class='ocrx_word' id='word_1_176' title='bbox 948 1772 1012 1855; x_wconf 89' lang='lat' dir='ltr'><strong>qni,</strong></span> <span class='ocrx_word' id='word_1_177' title='bbox 1036 1772 1141 1833; x_wconf 88' lang='lat' dir='ltr'><strong>Euro-</strong></span> 
     </span>
     <span class='ocr_line' id='line_1_20' title="bbox 76 1855 1141 1944; baseline -0.005 -21"><span class='ocrx_word' id='word_1_178' title='bbox 76 1858 237 1924; x_wconf 76' lang='lat' dir='ltr'><strong>mensium</strong></span> <span class='ocrx_word' id='word_1_179' title='bbox 261 1857 422 1940; x_wconf 85' lang='lat' dir='ltr'><strong>prorincia</strong></span> <span class='ocrx_word' id='word_1_180' title='bbox 449 1857 585 1935; x_wconf 68' lang='lat' dir='ltr'><strong>celenna</strong></span> <span class='ocrx_word' id='word_1_181' title='bbox 615 1858 655 1923; x_wconf 92' lang='lat' dir='ltr'><strong>ad</strong></span> <span class='ocrx_word' id='word_1_182' title='bbox 686 1860 771 1942; x_wconf 89' lang='lat' dir='ltr'><strong>ipsos</strong></span> <span class='ocrx_word' id='word_1_183' title='bbox 798 1861 970 1944; x_wconf 86' lang='lat' dir='ltr'><strong>conjuncto</strong></span> <span class='ocrx_word' id='word_1_184' title='bbox 1000 1855 1141 1924; x_wconf 82' lang='lat' dir='ltr'><strong>exercitu</strong></span> 
     </span>
     <span class='ocr_line' id='line_1_21' title="bbox 75 1941 792 2019; baseline 0.006 -14"><span class='ocrx_word' id='word_1_185' title='bbox 75 1955 242 2019; x_wconf 80' lang='lat' dir='ltr'><strong>venerunt,</strong></span> <span class='ocrx_word' id='word_1_186' title='bbox 259 1944 342 2008; x_wconf 88' lang='lat' dir='ltr'><strong>circa</strong></span> <span class='ocrx_word' id='word_1_187' title='bbox 358 1941 540 2008; x_wconf 73' lang='lat' dir='ltr'><strong>Orthosiam</strong></span> <span class='ocrx_word' id='word_1_188' title='bbox 556 1943 623 2008; x_wconf 87' lang='lat' dir='ltr'><strong>acie</strong></span> <span class='ocrx_word' id='word_1_189' title='bbox 638 1945 792 2009; x_wconf 82' lang='lat' dir='ltr'><strong>vicerunt.</strong></span> 
     </span>
    </p>

    <p class='ocr_par' dir='ltr' id='par_1_10' title="bbox 47 2023 1274 2789">
     <span class='ocr_line' id='line_1_22' title="bbox 122 2023 1140 2107; baseline 0.002 -17"><span class='ocrx_word' id='word_1_190' title='bbox 122 2026 255 2092; x_wconf 79' lang='lat' dir='ltr'><strong>xxvi.</strong></span> <span class='ocrx_word' id='word_1_191' title='bbox 278 2028 367 2096; x_wconf 89' lang='lat' dir='ltr'><strong>Dum</strong></span> <span class='ocrx_word' id='word_1_192' title='bbox 394 2023 464 2094; x_wconf 76' lang='lat' dir='ltr'><strong>hac</strong></span> <span class='ocrx_word' id='word_1_193' title='bbox 485 2028 539 2107; x_wconf 91' lang='lat' dir='ltr'><strong>ibi,</strong></span> <span class='ocrx_word' id='word_1_194' title='bbox 567 2029 629 2093; x_wconf 88' lang='lat' dir='ltr'><strong>alia</strong></span> <span class='ocrx_word' id='word_1_195' title='bbox 654 2032 685 2093; x_wconf 91' lang='lat' dir='ltr'><strong>in</strong></span> <span class='ocrx_word' id='word_1_196' title='bbox 714 2030 915 2105; x_wconf 86' lang='lat' dir='ltr'><strong>Macedonia,</strong></span> <span class='ocrx_word' id='word_1_197' title='bbox 942 2028 1003 2092; x_wconf 87' lang='lat' dir='ltr'><strong>alia</strong></span> <span class='ocrx_word' id='word_1_198' title='bbox 1027 2027 1140 2092; x_wconf 83' lang='lat' dir='ltr'><strong>Rornoe</strong></span> 
     </span>
     <span class='ocr_line' id='line_1_23' title="bbox 73 2113 1139 2199; baseline 0 -21"><span class='ocrx_word' id='word_1_199' title='bbox 73 2126 250 2197; x_wconf 66' lang='lat' dir='ltr'><strong>geruntiam</strong></span> <span class='ocrx_word' id='word_1_200' title='bbox 274 2113 398 2177; x_wconf 81' lang='lat' dir='ltr'><strong>interint</strong></span> <span class='ocrx_word' id='word_1_201' title='bbox 414 2115 445 2176; x_wconf 92' lang='lat' dir='ltr'><strong>in</strong></span> <span class='ocrx_word' id='word_1_202' title='bbox 463 2114 591 2199; x_wconf 83' lang='lat' dir='ltr'><strong>illyrico</strong></span> <span class='ocrx_word' id='word_1_203' title='bbox 607 2115 647 2180; x_wconf 89' lang='lat' dir='ltr'><strong>L.</strong></span> <span class='ocrx_word' id='word_1_204' title='bbox 664 2116 808 2194; x_wconf 84' lang='lat' dir='ltr'><strong>Anicius,</strong></span> <span class='ocrx_word' id='word_1_205' title='bbox 824 2139 856 2190; x_wconf 81' lang='lat' dir='ltr'><strong>re</strong></span> <span class='ocrx_word' id='word_1_206' title='bbox 878 2138 897 2190; x_wconf 84' lang='lat' dir='ltr'><strong>e</strong></span> <span class='ocrx_word' id='word_1_207' title='bbox 913 2115 1041 2190; x_wconf 90' lang='lat' dir='ltr'><strong>Gentio,</strong></span> <span class='ocrx_word' id='word_1_208' title='bbox 1059 2115 1139 2178; x_wconf 89' lang='lat' dir='ltr'><strong>sicut</strong></span> 
     </span>
     <span class='ocr_line' id='line_1_24' title="bbox 71 2139 1274 2286; baseline -0.002 -22"><span class='ocrx_word' id='word_1_209' title='bbox 71 2198 281 2264; x_wconf 76' lang='lat' dir='ltr'><strong>antedictum</strong></span> <span class='ocrx_word' id='word_1_210' title='bbox 298 2211 354 2272; x_wconf 88' lang='lat' dir='ltr'><strong>cst,</strong></span> <span class='ocrx_word' id='word_1_211' title='bbox 371 2200 403 2262; x_wconf 90' lang='lat' dir='ltr'><strong>in</strong></span> <span class='ocrx_word' id='word_1_212' title='bbox 419 2211 604 2281; x_wconf 81' lang='lat' dir='ltr'><strong>potestatem</strong></span> <span class='ocrx_word' id='word_1_213' title='bbox 627 2200 766 2275; x_wconf 86' lang='lat' dir='ltr'><strong>redacto,</strong></span> <span class='ocrx_word' id='word_1_214' title='bbox 792 2139 930 2274; x_wconf 74' lang='lat' dir='ltr'><strong>Sentius,</strong></span> <span class='ocrx_word' id='word_1_215' title='bbox 978 2221 1029 2262; x_wconf 79' lang='lat' dir='ltr'><strong>nae</strong></span> <span class='ocrx_word' id='word_1_216' title='bbox 1051 2202 1225 2286; x_wconf 79' lang='lat' dir='ltr'><strong>regiaAnio&#39;t</strong></span> <span class='ocrx_word' id='word_1_217' title='bbox 1233 2223 1274 2285; x_wconf 66' lang='lat' dir='ltr'><strong>ror</strong></span> 
     </span>
     <span class='ocr_line' id='line_1_25' title="bbox 70 2279 1257 2381; baseline -0.001 -35"><span class='ocrx_word' id='word_1_218' title='bbox 70 2281 188 2358; x_wconf 82' lang='lat' dir='ltr'><strong>fuerat,</strong></span> <span class='ocrx_word' id='word_1_219' title='bbox 214 2283 361 2363; x_wconf 71' lang='lat' dir='ltr'><strong>praesidio</strong></span> <span class='ocrx_word' id='word_1_220' title='bbox 385 2282 523 2364; x_wconf 89' lang='lat' dir='ltr'><strong>inposito</strong></span> <span class='ocrx_word' id='word_1_221' title='bbox 549 2283 724 2350; x_wconf 85' lang='lat' dir='ltr'><strong>Gabinium</strong></span> <span class='ocrx_word' id='word_1_222' title='bbox 756 2284 906 2362; x_wconf 75' lang='lat' dir='ltr'><strong>praefecit,</strong></span> <span class='ocrx_word' id='word_1_223' title='bbox 938 2284 968 2344; x_wconf 83' lang='lat' dir='ltr'><strong>R</strong></span> <span class='ocrx_word' id='word_1_224' title='bbox 995 2283 1075 2346; x_wconf 87' lang='lat' dir='ltr'><strong>izoni</strong></span> <span class='ocrx_word' id='word_1_225' title='bbox 1105 2279 1220 2381; x_wconf 50' lang='lat' dir='ltr'><strong>et}eme</strong></span> <span class='ocrx_word' id='word_1_226' title='bbox 1230 2287 1257 2318; x_wconf 83' lang='lat'><strong>¹¹¹</strong></span> 
     </span>
     <span class='ocr_line' id='line_1_26' title="bbox 70 2336 1227 2448; baseline -0.005 -15"><span class='ocrx_word' id='word_1_227' title='bbox 70 2367 232 2433; x_wconf 75' lang='lat' dir='ltr'><strong>”Olcinio</strong></span> <span class='ocrx_word' id='word_1_228' title='bbox 248 2364 378 2429; x_wconf 85' lang='lat' dir='ltr'><strong>urbibus</strong></span> <span class='ocrx_word' id='word_1_229' title='bbox 400 2366 588 2448; x_wconf 83' lang='lat' dir='ltr'><strong>opportunis</strong></span> <span class='ocrx_word' id='word_1_230' title='bbox 611 2367 650 2431; x_wconf 83' lang='lat' dir='ltr'><strong>C.</strong></span> <span class='ocrx_word' id='word_1_231' title='bbox 667 2366 836 2428; x_wconf 89' lang='lat' dir='ltr'><strong>Licinium.</strong></span> <span class='ocrx_word' id='word_1_232' title='bbox 882 2365 1067 2443; x_wconf 84' lang='lat' dir='ltr'><strong>Praepositis</strong></span> <span class='ocrx_word' id='word_1_233' title='bbox 1088 2368 1137 2429; x_wconf 88' lang='lat' dir='ltr'><strong>his</strong></span> <span class='ocrx_word' id='word_1_234' title='bbox 1168 2336 1227 2394; x_wconf 51' lang='grc' dir='ltr'><strong>ΡΜ</strong></span> 
     </span>
     <span class='ocr_line' id='line_1_27' title="bbox 66 2447 1139 2552; baseline 0.001 -41"><span class='ocrx_word' id='word_1_235' title='bbox 66 2452 216 2552; x_wconf 60' lang='lat' dir='ltr'><strong>Illyrico,</strong></span> <span class='ocrx_word' id='word_1_236' title='bbox 233 2470 306 2513; x_wconf 89' lang='lat' dir='ltr'><strong>cum</strong></span> <span class='ocrx_word' id='word_1_237' title='bbox 323 2449 445 2533; x_wconf 88' lang='lat' dir='ltr'><strong>reliquo</strong></span> <span class='ocrx_word' id='word_1_238' title='bbox 459 2452 598 2515; x_wconf 84' lang='lat' dir='ltr'><strong>exercitu</strong></span> <span class='ocrx_word' id='word_1_239' title='bbox 616 2450 650 2511; x_wconf 91' lang='lat' dir='ltr'><strong>in</strong></span> <span class='ocrx_word' id='word_1_240' title='bbox 673 2449 807 2528; x_wconf 83' lang='lat' dir='ltr'><strong>Epirum</strong></span> <span class='ocrx_word' id='word_1_241' title='bbox 829 2461 876 2511; x_wconf 86' lang='lat' dir='ltr'><strong>est</strong></span> <span class='ocrx_word' id='word_1_242' title='bbox 892 2447 1061 2529; x_wconf 85' lang='lat' dir='ltr'><strong>profectus.</strong></span> <span class='ocrx_word' id='word_1_243' title='bbox 1086 2448 1139 2511; x_wconf 91' lang='lat' dir='ltr'><strong>ubi</strong></span> 
     </span>
     <span class='ocr_line' id='line_1_28' title="bbox 66 2531 1139 2623; baseline -0.003 -23"><span class='ocrx_word' id='word_1_244' title='bbox 66 2558 180 2623; x_wconf 81' lang='lat' dir='ltr'><strong>prima</strong></span> <span class='ocrx_word' id='word_1_245' title='bbox 198 2533 344 2598; x_wconf 85' lang='lat' dir='ltr'><strong>Phanota</strong></span> <span class='ocrx_word' id='word_1_246' title='bbox 358 2535 387 2596; x_wconf 89' lang='lat' dir='ltr'><strong>ei</strong></span> <span class='ocrx_word' id='word_1_247' title='bbox 409 2531 525 2607; x_wconf 86' lang='lat' dir='ltr'><strong>dedita,</strong></span> <span class='ocrx_word' id='word_1_248' title='bbox 548 2546 616 2596; x_wconf 91' lang='lat' dir='ltr'><strong>tota</strong></span> <span class='ocrx_word' id='word_1_249' title='bbox 636 2532 839 2596; x_wconf 79' lang='lat' dir='ltr'><strong>multitudine</strong></span> <span class='ocrx_word' id='word_1_250' title='bbox 860 2553 933 2596; x_wconf 89' lang='lat' dir='ltr'><strong>cnm</strong></span> <span class='ocrx_word' id='word_1_251' title='bbox 955 2531 1060 2595; x_wconf 78' lang='lat' dir='ltr'><strong>infulis</strong></span> <span class='ocrx_word' id='word_1_252' title='bbox 1082 2533 1139 2601; x_wconf 86' lang='lat' dir='ltr'><strong>ob-</strong></span> 
     </span>
     <span class='ocr_line' id='line_1_29' title="bbox 66 2616 1139 2704; baseline -0.002 -19"><span class='ocrx_word' id='word_1_253' title='bbox 66 2623 159 2696; x_wconf 69' lang='lat' dir='ltr'><strong>viam</strong></span> <span class='ocrx_word' id='word_1_254' title='bbox 184 2620 294 2685; x_wconf 84' lang='lat' dir='ltr'><strong>effusa.</strong></span> <span class='ocrx_word' id='word_1_255' title='bbox 319 2616 372 2685; x_wconf 87' lang='lat' dir='ltr'><strong>hio</strong></span> <span class='ocrx_word' id='word_1_256' title='bbox 396 2617 545 2704; x_wconf 84' lang='lat' dir='ltr'><strong>praesidio</strong></span> <span class='ocrx_word' id='word_1_257' title='bbox 570 2619 717 2702; x_wconf 86' lang='lat' dir='ltr'><strong>inposito,</strong></span> <span class='ocrx_word' id='word_1_258' title='bbox 744 2618 778 2682; x_wconf 90' lang='lat' dir='ltr'><strong>in</strong></span> <span class='ocrx_word' id='word_1_259' title='bbox 805 2617 1011 2693; x_wconf 81' lang='lat' dir='ltr'><strong>Molossidem</strong></span> <span class='ocrx_word' id='word_1_260' title='bbox 1039 2634 1139 2683; x_wconf 89' lang='lat' dir='ltr'><strong>trans·</strong></span> 
     </span>
     <span class='ocr_line' id='line_1_30' title="bbox 47 2703 1137 2789; baseline 0.003 -21"><span class='ocrx_word' id='word_1_261' title='bbox 47 2712 58 2739; x_wconf 76' lang='lat'><strong><em>⁹</em></strong></span> <span class='ocrx_word' id='word_1_262' title='bbox 94 2727 216 2775; x_wconf 78' lang='lat' dir='ltr'><strong>rossus:</strong></span> <span class='ocrx_word' id='word_1_263' title='bbox 251 2706 338 2789; x_wconf 87' lang='lat' dir='ltr'><strong>cujus</strong></span> <span class='ocrx_word' id='word_1_264' title='bbox 367 2703 515 2767; x_wconf 85' lang='lat' dir='ltr'><strong>omnibus</strong></span> <span class='ocrx_word' id='word_1_265' title='bbox 543 2703 678 2788; x_wconf 85' lang='lat' dir='ltr'><strong>oppidis,</strong></span> <span class='ocrx_word' id='word_1_266' title='bbox 709 2717 824 2787; x_wconf 75' lang='lat' dir='ltr'><strong>praeter</strong></span> <span class='ocrx_word' id='word_1_267' title='bbox 858 2704 1074 2781; x_wconf 81' lang='lat' dir='ltr'><strong>Passaronem,</strong></span> <span class='ocrx_word' id='word_1_268' title='bbox 1105 2718 1137 2771; x_wconf 87' lang='lat' dir='ltr'><strong>et</strong></span> 
     </span>
    </p>

    <p class='ocr_par' dir='ltr' id='par_1_11' title="bbox 67 2788 1135 3215">
     <span class='ocr_line' id='line_1_31' title="bbox 103 2788 1135 2875; baseline 0.005 -22"><span class='ocrx_word' id='word_1_269' title='bbox 103 2812 281 2867; x_wconf 75' lang='lat' dir='ltr'><strong>ermonem,</strong></span> <span class='ocrx_word' id='word_1_270' title='bbox 297 2804 328 2855; x_wconf 91' lang='lat' dir='ltr'><strong>et</strong></span> <span class='ocrx_word' id='word_1_271' title='bbox 341 2788 511 2875; x_wconf 79' lang='lat' dir='ltr'><strong>Phylacen,</strong></span> <span class='ocrx_word' id='word_1_272' title='bbox 534 2804 566 2852; x_wconf 89' lang='lat' dir='ltr'><strong>et</strong></span> <span class='ocrx_word' id='word_1_273' title='bbox 589 2789 763 2865; x_wconf 84' lang='lat' dir='ltr'><strong>Horreum,</strong></span> <span class='ocrx_word' id='word_1_274' title='bbox 785 2791 926 2873; x_wconf 88' lang='lat' dir='ltr'><strong>receptis,</strong></span> <span class='ocrx_word' id='word_1_275' title='bbox 942 2790 1079 2875; x_wconf 86' lang='lat' dir='ltr'><strong>primum</strong></span> <span class='ocrx_word' id='word_1_276' title='bbox 1094 2792 1135 2857; x_wconf 85' lang='lat' dir='ltr'><strong>ad</strong></span> 
     </span>
     <span class='ocr_line' id='line_1_32' title="bbox 67 2874 1135 2961; baseline -0.006 -15"><span class='ocrx_word' id='word_1_277' title='bbox 67 2878 279 2947; x_wconf 76' lang='lat' dir='ltr'><strong>Passnronem</strong></span> <span class='ocrx_word' id='word_1_278' title='bbox 301 2876 399 2939; x_wconf 84' lang='lat' dir='ltr'><strong>ducit.</strong></span> <span class='ocrx_word' id='word_1_279' title='bbox 444 2875 605 2939; x_wconf 84' lang='lat' dir='ltr'><strong>Antinous</strong></span> <span class='ocrx_word' id='word_1_280' title='bbox 627 2887 659 2941; x_wconf 85' lang='lat' dir='ltr'><strong>et</strong></span> <span class='ocrx_word' id='word_1_281' title='bbox 680 2874 868 2938; x_wconf 86' lang='lat' dir='ltr'><strong>Theodotus</strong></span> <span class='ocrx_word' id='word_1_282' title='bbox 890 2876 1048 2958; x_wconf 85' lang='lat' dir='ltr'><strong>principes</strong></span> <span class='ocrx_word' id='word_1_283' title='bbox 1069 2879 1135 2961; x_wconf 86' lang='lat' dir='ltr'><strong>ejus</strong></span> 
     </span>
     <span class='ocr_line' id='line_1_33' title="bbox 67 2958 1134 3047; baseline -0.001 -22"><span class='ocrx_word' id='word_1_284' title='bbox 67 2962 205 3031; x_wconf 76' lang='lat' dir='ltr'><strong>civitatis</strong></span> <span class='ocrx_word' id='word_1_285' title='bbox 231 2975 329 3035; x_wconf 87' lang='lat' dir='ltr'><strong>erant,</strong></span> <span class='ocrx_word' id='word_1_286' title='bbox 352 2960 492 3047; x_wconf 81' lang='lat' dir='ltr'><strong>insignes</strong></span> <span class='ocrx_word' id='word_1_287' title='bbox 511 2973 543 3024; x_wconf 87' lang='lat' dir='ltr'><strong>et</strong></span> <span class='ocrx_word' id='word_1_288' title='bbox 568 2958 674 3025; x_wconf 86' lang='lat' dir='ltr'><strong>lavore</strong></span> <span class='ocrx_word' id='word_1_289' title='bbox 698 2959 815 3036; x_wconf 88' lang='lat' dir='ltr'><strong>Persei,</strong></span> <span class='ocrx_word' id='word_1_290' title='bbox 837 2972 869 3027; x_wconf 86' lang='lat' dir='ltr'><strong>et</strong></span> <span class='ocrx_word' id='word_1_291' title='bbox 889 2961 964 3022; x_wconf 88' lang='lat' dir='ltr'><strong>odio</strong></span> <span class='ocrx_word' id='word_1_292' title='bbox 986 2960 1134 3025; x_wconf 79' lang='lat' dir='ltr'><strong>adversus</strong></span> 
     </span>
     <span class='ocr_line' id='line_1_34' title="bbox 70 3044 1134 3129; baseline -0.009 -12"><span class='ocrx_word' id='word_1_293' title='bbox 70 3049 253 3117; x_wconf 79' lang='lat' dir='ltr'><strong>Romanos:</strong></span> <span class='ocrx_word' id='word_1_294' title='bbox 277 3044 370 3113; x_wconf 88' lang='lat' dir='ltr'><strong>iidem</strong></span> <span class='ocrx_word' id='word_1_295' title='bbox 385 3046 538 3113; x_wconf 80' lang='lat' dir='ltr'><strong>universa</strong></span> <span class='ocrx_word' id='word_1_296' title='bbox 552 3047 641 3129; x_wconf 72' lang='lat' dir='ltr'><strong>genti</strong></span> <span class='ocrx_word' id='word_1_297' title='bbox 656 3059 800 3109; x_wconf 84' lang='lat' dir='ltr'><strong>aucturus</strong></span> <span class='ocrx_word' id='word_1_298' title='bbox 810 3045 1000 3109; x_wconf 86' lang='lat' dir='ltr'><strong>desciscendi</strong></span> <span class='ocrx_word' id='word_1_299' title='bbox 1012 3045 1052 3108; x_wconf 89' lang='lat' dir='ltr'><strong>ab</strong></span> <span class='ocrx_word' id='word_1_300' title='bbox 1068 3046 1134 3109; x_wconf 85' lang='lat' dir='ltr'><strong>Ro-</strong></span> 
     </span>
     <span class='ocr_line' id='line_1_35' title="bbox 67 3130 1134 3215; baseline -0.006 -16"><span class='ocrx_word' id='word_1_301' title='bbox 67 3133 184 3201; x_wconf 71' lang='lat' dir='ltr'><strong>manu·</strong></span> <span class='ocrx_word' id='word_1_302' title='bbox 230 3132 274 3195; x_wconf 90' lang='lat' dir='ltr'><strong>Hi</strong></span> <span class='ocrx_word' id='word_1_303' title='bbox 290 3130 482 3197; x_wconf 86' lang='lat' dir='ltr'><strong>conscientia</strong></span> <span class='ocrx_word' id='word_1_304' title='bbox 496 3131 627 3215; x_wconf 80' lang='lat' dir='ltr'><strong>privata</strong></span> <span class='ocrx_word' id='word_1_305' title='bbox 648 3151 756 3209; x_wconf 73' lang='lat' dir='ltr'><strong>noxas,</strong></span> <span class='ocrx_word' id='word_1_306' title='bbox 777 3130 851 3214; x_wconf 87' lang='lat' dir='ltr'><strong>quia</strong></span> <span class='ocrx_word' id='word_1_307' title='bbox 873 3131 947 3213; x_wconf 90' lang='lat' dir='ltr'><strong>ipsis</strong></span> <span class='ocrx_word' id='word_1_308' title='bbox 961 3130 1049 3201; x_wconf 86' lang='lat' dir='ltr'><strong>nulla</strong></span> <span class='ocrx_word' id='word_1_309' title='bbox 1064 3152 1134 3212; x_wconf 83' lang='lat' dir='ltr'><strong>spes</strong></span> 
     </span>
    </p>

    <p class='ocr_par' dir='ltr' id='par_1_12' title="bbox 38 3214 1134 3729">
     <span class='ocr_line' id='line_1_36' title="bbox 38 3214 1134 3303; baseline -0.001 -24"><span class='ocrx_word' id='word_1_310' title='bbox 38 3278 47 3303; x_wconf 57' lang='grc'><em>,</em></span> <span class='ocrx_word' id='word_1_311' title='bbox 69 3218 174 3283; x_wconf 79' lang='lat' dir='ltr'><strong>venite</strong></span> <span class='ocrx_word' id='word_1_312' title='bbox 184 3228 261 3290; x_wconf 87' lang='lat' dir='ltr'><strong>erat,</strong></span> <span class='ocrx_word' id='word_1_313' title='bbox 278 3229 314 3280; x_wconf 88' lang='lat' dir='ltr'><strong>ut</strong></span> <span class='ocrx_word' id='word_1_314' title='bbox 328 3215 491 3279; x_wconf 87' lang='lat' dir='ltr'><strong>communi</strong></span> <span class='ocrx_word' id='word_1_315' title='bbox 507 3215 599 3278; x_wconf 86' lang='lat' dir='ltr'><strong>ruina</strong></span> <span class='ocrx_word' id='word_1_316' title='bbox 612 3216 723 3298; x_wconf 86' lang='lat' dir='ltr'><strong>patriae</strong></span> <span class='ocrx_word' id='word_1_317' title='bbox 738 3214 1002 3298; x_wconf 88' lang='lat' dir='ltr'><strong>obprimerentnr,</strong></span> <span class='ocrx_word' id='word_1_318' title='bbox 1014 3214 1134 3278; x_wconf 84' lang='lat' dir='ltr'><strong>clause·</strong></span> 
     </span>
     <span class='ocr_line' id='line_1_37' title="bbox 68 3299 1131 3386; baseline -0.002 -20"><span class='ocrx_word' id='word_1_319' title='bbox 68 3314 147 3373; x_wconf 79' lang='lat' dir='ltr'><strong>ruat</strong></span> <span class='ocrx_word' id='word_1_320' title='bbox 161 3315 278 3386; x_wconf 83' lang='lat' dir='ltr'><strong>portas,</strong></span> <span class='ocrx_word' id='word_1_321' title='bbox 291 3300 536 3375; x_wconf 83' lang='lat' dir='ltr'><strong>multitudinem,</strong></span> <span class='ocrx_word' id='word_1_322' title='bbox 552 3311 588 3364; x_wconf 90' lang='lat' dir='ltr'><strong>ut</strong></span> <span class='ocrx_word' id='word_1_323' title='bbox 604 3313 737 3364; x_wconf 87' lang='lat' dir='ltr'><strong>mortem</strong></span> <span class='ocrx_word' id='word_1_324' title='bbox 748 3299 889 3362; x_wconf 84' lang='lat' dir='ltr'><strong>servituti</strong></span> <span class='ocrx_word' id='word_1_325' title='bbox 900 3313 1131 3383; x_wconf 74' lang='lat' dir='ltr'><strong>praeponerent,</strong></span> 
     </span>
     <span class='ocr_line' id='line_1_38' title="bbox 69 3383 1132 3469; baseline 0 -18"><span class='ocrx_word' id='word_1_326' title='bbox 69 3388 242 3451; x_wconf 81' lang='lat' dir='ltr'><strong>hortantes.</strong></span> <span class='ocrx_word' id='word_1_327' title='bbox 271 3388 374 3449; x_wconf 88' lang='lat' dir='ltr'><strong>Nemo</strong></span> <span class='ocrx_word' id='word_1_328' title='bbox 383 3384 531 3449; x_wconf 81' lang='lat' dir='ltr'><strong>adversus</strong></span> <span class='ocrx_word' id='word_1_329' title='bbox 541 3397 752 3469; x_wconf 77' lang='lat' dir='ltr'><strong>praepotentes</strong></span> <span class='ocrx_word' id='word_1_330' title='bbox 762 3386 845 3447; x_wconf 85' lang='lat' dir='ltr'><strong>viros</strong></span> <span class='ocrx_word' id='word_1_331' title='bbox 855 3383 1132 3451; x_wconf 81' lang='lat' dir='ltr'><strong>lriscereautlebat.</strong></span> 
     </span>
     <span class='ocr_line' id='line_1_39' title="bbox 70 3469 1130 3557; baseline -0.002 -18"><span class='ocrx_word' id='word_1_332' title='bbox 70 3471 218 3539; x_wconf 83' lang='lat' dir='ltr'><strong>Tandem</strong></span> <span class='ocrx_word' id='word_1_333' title='bbox 235 3470 422 3535; x_wconf 82' lang='lat' dir='ltr'><strong>Theodotus</strong></span> <span class='ocrx_word' id='word_1_334' title='bbox 434 3470 575 3556; x_wconf 87' lang='lat' dir='ltr'><strong>qnidam,</strong></span> <span class='ocrx_word' id='word_1_335' title='bbox 585 3470 701 3533; x_wconf 90' lang='lat' dir='ltr'><strong>nobilis</strong></span> <span class='ocrx_word' id='word_1_336' title='bbox 710 3485 741 3532; x_wconf 84' lang='lat' dir='ltr'><strong>et</strong></span> <span class='ocrx_word' id='word_1_337' title='bbox 753 3470 819 3553; x_wconf 85' lang='lat' dir='ltr'><strong>ipse</strong></span> <span class='ocrx_word' id='word_1_338' title='bbox 830 3469 1019 3547; x_wconf 86' lang='lat' dir='ltr'><strong>adolescens,</strong></span> <span class='ocrx_word' id='word_1_339' title='bbox 1032 3493 1130 3557; x_wconf 90' lang='lat' dir='ltr'><strong>quum</strong></span> 
     </span>
     <span class='ocr_line' id='line_1_40' title="bbox 56 3555 1129 3643; baseline 0.004 -24"><span class='ocrx_word' id='word_1_340' title='bbox 56 3559 173 3643; x_wconf 65' lang='lat' dir='ltr'><strong>⁴major</strong></span> <span class='ocrx_word' id='word_1_341' title='bbox 188 3579 207 3620; x_wconf 87' lang='lat' dir='ltr'><strong>a</strong></span> <span class='ocrx_word' id='word_1_342' title='bbox 224 3556 376 3621; x_wconf 88' lang='lat' dir='ltr'><strong>Romanis</strong></span> <span class='ocrx_word' id='word_1_343' title='bbox 392 3572 492 3620; x_wconf 83' lang='lat' dir='ltr'><strong>metus</strong></span> <span class='ocrx_word' id='word_1_344' title='bbox 514 3557 660 3619; x_wconf 85' lang='lat' dir='ltr'><strong>timorem</strong></span> <span class='ocrx_word' id='word_1_345' title='bbox 677 3578 695 3617; x_wconf 89' lang='lat' dir='ltr'><strong>a</strong></span> <span class='ocrx_word' id='word_1_346' title='bbox 709 3555 906 3638; x_wconf 88' lang='lat' dir='ltr'><strong>principibus</strong></span> <span class='ocrx_word' id='word_1_347' title='bbox 921 3556 984 3618; x_wconf 88' lang='lat' dir='ltr'><strong>suis</strong></span> <span class='ocrx_word' id='word_1_348' title='bbox 998 3558 1129 3636; x_wconf 85' lang='lat' dir='ltr'><strong>vicisset,</strong></span> 
     </span>
     <span class='ocr_line' id='line_1_41' title="bbox 72 3641 1131 3729; baseline 0 -21"><span class='ocrx_word' id='word_1_349' title='bbox 72 3647 152 3721; x_wconf 73' lang='lat' dir='ltr'><strong>Qua</strong></span> <span class='ocrx_word' id='word_1_350' title='bbox 164 3657 216 3708; x_wconf 82' lang='lat' dir='ltr'><strong>nos</strong></span> <span class='ocrx_word' id='word_1_351' title='bbox 228 3642 335 3720; x_wconf 78' lang='lat' dir='ltr'><strong>radies,</strong></span> <span class='ocrx_word' id='word_1_352' title='bbox 353 3641 466 3729; x_wconf 89' lang='lat' dir='ltr'><strong>inquit,</strong></span> <span class='ocrx_word' id='word_1_353' title='bbox 476 3644 589 3728; x_wconf 84' lang='lat' dir='ltr'><strong>agitat,</strong></span> <span class='ocrx_word' id='word_1_354' title='bbox 602 3643 657 3726; x_wconf 84' lang='lat' dir='ltr'><strong>qui</strong></span> <span class='ocrx_word' id='word_1_355' title='bbox 667 3641 789 3704; x_wconf 78' lang='lat' dir='ltr'><strong>duorum</strong></span> <span class='ocrx_word' id='word_1_356' title='bbox 801 3641 950 3715; x_wconf 74' lang='lat' dir='ltr'><strong>luminum</strong></span> <span class='ocrx_word' id='word_1_357' title='bbox 961 3663 1049 3707; x_wconf 73' lang='lat' dir='ltr'><strong>nourr</strong></span> <span class='ocrx_word' id='word_1_358' title='bbox 1064 3646 1131 3709; x_wconf 79' lang='lat' dir='ltr'><strong>&#39;&#39;ci-</strong></span> 
     </span>
    </p>
   </div>
   <div class='ocr_carea' id='block_1_3' title="bbox 69 3887 1226 4330">
    <p class='ocr_par' dir='ltr' id='par_1_13' title="bbox 69 3887 1226 4330">
     <span class='ocr_line' id='line_1_42' title="bbox 99 3887 1131 3957; baseline -0.006 -15"><span class='ocrx_word' id='word_1_359' title='bbox 99 3895 131 3957; x_wconf 78' lang='lat' dir='ltr'><strong>li</strong></span> <span class='ocrx_word' id='word_1_360' title='bbox 149 3892 252 3954; x_wconf 68' lang='lat' dir='ltr'><strong>oman]</strong></span> <span class='ocrx_word' id='word_1_361' title='bbox 265 3893 372 3941; x_wconf 71' lang='lat' dir='ltr'><strong>Hocest</strong></span> <span class='ocrx_word' id='word_1_362' title='bbox 389 3906 445 3939; x_wconf 82' lang='lat' dir='ltr'><strong>vera</strong></span> <span class='ocrx_word' id='word_1_363' title='bbox 458 3888 586 3953; x_wconf 83' lang='lat' dir='ltr'><strong>hujussc-</strong></span> <span class='ocrx_word' id='word_1_364' title='bbox 651 3891 680 3938; x_wconf 82' lang='lat' dir='ltr'><strong>ts</strong></span> <span class='ocrx_word' id='word_1_365' title='bbox 708 3892 818 3945; x_wconf 67' lang='lat' dir='ltr'><strong>castatis</strong></span> <span class='ocrx_word' id='word_1_366' title='bbox 859 3895 1004 3941; x_wconf 56' lang='lat' dir='ltr'><strong>mensorem</strong></span> <span class='ocrx_word' id='word_1_367' title='bbox 1035 3887 1131 3953; x_wconf 76' lang='lat' dir='ltr'><strong>jacitis]</strong></span> 
     </span>
     <span class='ocr_line' id='line_1_43' title="bbox 69 3954 1130 4018; baseline -0.007 -11"><span class='ocrx_word' id='word_1_368' title='bbox 69 3958 142 4007; x_wconf 72' lang='lat' dir='ltr'><strong>nors</strong></span> <span class='ocrx_word' id='word_1_369' title='bbox 157 3958 284 4017; x_wconf 80' lang='lat' dir='ltr'><strong>scriptura,</strong></span> <span class='ocrx_word' id='word_1_370' title='bbox 304 3970 377 4016; x_wconf 85' lang='lat' dir='ltr'><strong>quam</strong></span> <span class='ocrx_word' id='word_1_371' title='bbox 392 3957 488 4003; x_wconf 71' lang='lat' dir='ltr'><strong>estnon</strong></span> <span class='ocrx_word' id='word_1_372' title='bbox 508 3956 586 4014; x_wconf 86' lang='lat' dir='ltr'><strong>prima</strong></span> <span class='ocrx_word' id='word_1_373' title='bbox 618 3955 700 4016; x_wconf 74' lang='lat' dir='ltr'><strong>Longe</strong></span> <span class='ocrx_word' id='word_1_374' title='bbox 718 3958 851 4018; x_wconf 75' lang='lat' dir='ltr'><strong>etsgwum</strong></span> <span class='ocrx_word' id='word_1_375' title='bbox 871 3964 916 4012; x_wconf 86' lang='lat' dir='ltr'><strong>est,</strong></span> <span class='ocrx_word' id='word_1_376' title='bbox 938 3958 1003 4018; x_wconf 90' lang='lat' dir='ltr'><strong>quod</strong></span> <span class='ocrx_word' id='word_1_377' title='bbox 1024 3954 1130 4014; x_wconf 74' lang='lat' dir='ltr'><strong>suggerit</strong></span> 
     </span>
     <span class='ocr_line' id='line_1_44' title="bbox 70 4018 1130 4080; baseline -0.006 -13"><span class='ocrx_word' id='word_1_378' title='bbox 70 4023 151 4077; x_wconf 68' lang='lat' dir='ltr'><strong>dato,</strong></span> <span class='ocrx_word' id='word_1_379' title='bbox 172 4027 198 4067; x_wconf 80' lang='lat' dir='ltr'><strong>ot</strong></span> <span class='ocrx_word' id='word_1_380' title='bbox 219 4021 319 4069; x_wconf 76' lang='lat' dir='ltr'><strong>retinuit</strong></span> <span class='ocrx_word' id='word_1_381' title='bbox 344 4032 440 4080; x_wconf 81' lang='lat' dir='ltr'><strong>quoquo</strong></span> <span class='ocrx_word' id='word_1_382' title='bbox 466 4020 585 4079; x_wconf 77' lang='lat' dir='ltr'><strong>Sigonius.</strong></span> <span class='ocrx_word' id='word_1_383' title='bbox 617 4020 759 4074; x_wconf 81' lang='lat' dir='ltr'><strong>Gronovius,</strong></span> <span class='ocrx_word' id='word_1_384' title='bbox 781 4022 909 4069; x_wconf 67' lang='lat' dir='ltr'><strong>cisdtotam</strong></span> <span class='ocrx_word' id='word_1_385' title='bbox 926 4034 970 4065; x_wconf 85' lang='lat' dir='ltr'><strong>nec</strong></span> <span class='ocrx_word' id='word_1_386' title='bbox 991 4018 1130 4065; x_wconf 82' lang='lat' dir='ltr'><strong>dubitamus</strong></span> 
     </span>
     <span class='ocr_line' id='line_1_45' title="bbox 70 4081 1130 4141; baseline -0.009 -6"><span class='ocrx_word' id='word_1_387' title='bbox 70 4085 188 4135; x_wconf 63' lang='lat' dir='ltr'><strong>afflone</strong></span> <span class='ocrx_word' id='word_1_388' title='bbox 197 4084 296 4132; x_wconf 71' lang='grc' dir='ltr'><strong><em>0Ιάιὶ0.</em></strong></span> <span class='ocrx_word' id='word_1_389' title='bbox 330 4082 584 4130; x_wconf 77' lang='lat' dir='ltr'><strong>Ssdbisinfrsincoire</strong></span> <span class='ocrx_word' id='word_1_390' title='bbox 616 4083 650 4129; x_wconf 81' lang='lat' dir='ltr'><strong>stc</strong></span> <span class='ocrx_word' id='word_1_391' title='bbox 666 4085 760 4130; x_wconf 87' lang='lat' dir='ltr'><strong>dedisse</strong></span> <span class='ocrx_word' id='word_1_392' title='bbox 775 4084 880 4132; x_wconf 83' lang='lat' dir='ltr'><strong>Livium.</strong></span> <span class='ocrx_word' id='word_1_393' title='bbox 913 4084 1002 4131; x_wconf 64' lang='lat' dir='ltr'><strong>&amp;nans</strong></span> <span class='ocrx_word' id='word_1_394' title='bbox 1019 4087 1070 4127; x_wconf 77' lang='lat' dir='ltr'><strong>est:</strong></span> <span class='ocrx_word' id='word_1_395' title='bbox 1088 4081 1130 4141; x_wconf 87' lang='lat' dir='ltr'><strong>qui</strong></span> 
     </span>
     <span class='ocr_line' id='line_1_46' title="bbox 71 4143 1226 4210; baseline -0.006 -14"><span class='ocrx_word' id='word_1_396' title='bbox 71 4144 120 4209; x_wconf 56' lang='grc' dir='ltr'><strong>ῥα</strong></span> <span class='ocrx_word' id='word_1_397' title='bbox 139 4149 221 4210; x_wconf 81' lang='lat' dir='ltr'><strong>oppidi</strong></span> <span class='ocrx_word' id='word_1_398' title='bbox 238 4150 394 4195; x_wconf 67' lang='lat' dir='ltr'><strong>nominantem</strong></span> <span class='ocrx_word' id='word_1_399' title='bbox 410 4143 543 4193; x_wconf 65' lang='lat' dir='ltr'><strong>wama.-</strong></span> <span class='ocrx_word' id='word_1_400' title='bbox 560 4154 584 4191; x_wconf 90' lang='lat' dir='ltr'><strong>et</strong></span> <span class='ocrx_word' id='word_1_401' title='bbox 612 4147 690 4195; x_wconf 69' lang='lat' dir='ltr'><strong>nutu·</strong></span> <span class='ocrx_word' id='word_1_402' title='bbox 705 4148 828 4194; x_wconf 75' lang='lat' dir='ltr'><strong>civitatem</strong></span> <span class='ocrx_word' id='word_1_403' title='bbox 844 4147 912 4205; x_wconf 84' lang='lat' dir='ltr'><strong>sequi</strong></span> <span class='ocrx_word' id='word_1_404' title='bbox 931 4146 1052 4191; x_wconf 67' lang='lat' dir='ltr'><strong>{murram</strong></span> <span class='ocrx_word' id='word_1_405' title='bbox 1071 4144 1130 4190; x_wconf 88' lang='lat' dir='ltr'><strong>duo·</strong></span> <span class='ocrx_word' id='word_1_406' title='bbox 1219 4186 1226 4195; x_wconf 87' lang='grc'><em>,</em></span> 
     </span>
     <span class='ocr_line' id='line_1_47' title="bbox 71 4210 934 4270; baseline -0.009 -7"><span class='ocrx_word' id='word_1_407' title='bbox 71 4210 584 4269; x_wconf 65' lang='lat' dir='ltr'><strong>mnodosi’tolemooipssmurbcm</strong></span> <span class='ocrx_word' id='word_1_408' title='bbox 615 4211 934 4270; x_wconf 75' lang='lat' dir='ltr'><strong>mmnoxiorumcapitum.</strong></span> 
     </span>
     <span class='ocr_line' id='line_1_48' title="bbox 72 4270 957 4330; baseline -0.001 -6"><span class='ocrx_word' id='word_1_409' title='bbox 72 4270 568 4330; x_wconf 58' lang='lat' dir='ltr'><strong>commmoratur</strong></span> <span class='ocrx_word' id='word_1_410' title='bbox 952 4312 957 4323; x_wconf 77' lang='lat'>.</span> 
     </span>
    </p>
   </div>
   <div class='ocr_carea' id='block_1_4' title="bbox 0 0 1476 4750">
    <p class='ocr_par' dir='ltr' id='par_1_14' title="bbox 0 0 1476 4750">
     <span class='ocr_line' id='line_1_49' title="bbox 0 0 1476 4750; baseline 0 7"><span class='ocrx_word' id='word_1_411' title='bbox 0 0 1476 4750; x_wconf 95' lang='lat' dir='ltr'><strong> </strong></span> 
     </span>
    </p>
   </div>
  </div>
 </body>
</html>
