2942 4750
499 205 842 286 PRAEFATIO.
1064 209 1196 288 lxxxiii

100 440 219 514 quam
234 440 350 516 quum
367 414 523 493 Hernici
539 419 717 516 fugerent,
734 442 887 517 erupere
910 415 950 491 in
974 441 1040 493 eos
1056 422 1192 513 coloni,

101 541 143 606 et
157 533 259 607 fusos
274 533 315 607 in
329 533 519 631 trepidam'
529 536 661 631 lugan
671 560 801 633 egere
844 534 940 609 Sunt
950 543 989 609 et
1004 534 1082 609 alia
1090 546 1193 634 'quaa

54 720 63 741 ,
102 647 194 722 dam
208 649 307 736 loca,
323 674 408 749 quae
424 652 473 723 ab
493 650 574 725 aliis
589 651 649 724 vel
664 651 801 726 frustra
824 659 977 738 tentata,
993 652 1052 726 vel
1077 653 1194 729 omni·

99 786 152 838 no
167 766 429 863 pretermissa*
442 767 545 840 hdud
561 767 980 865 improsperib‘sortasse
1005 769 1211 863 conjectu:

99 879 151 954 ris
169 882 301 957 sanare
318 884 444 959 conati
462 886 602 958 sumusss
625 912 629 919 ·
655 884 732 958 Sed
759 882 964 958 consultiris
989 885 1193 960 esteduci·

31 1044 45 1075 ι
98 1019 185 1070 mus
198 997 376 1073 lectorem
391 998 559 1098 adipsad
575 998 896 1074 notas'remittere.
1033 1006 1052 1041 ³¹

1423 9 1425 127 l

1424 134 1426 257 l

109 1138 127 1147 ··
148 1106 251 1187 Illud
268 1116 490 1190 testandum=
503 1116 773 1204 existimamus,
786 1137 990 1212 nunquam
1015 1138 1092 1189 nos·
1111 1125 1245 1192 tan-su
1257 1142 1353 1190 uultu

97 1238 185 1304 tum
206 1232 431 1327 conjecturis
457 1233 593 1307 nostris
618 1232 872 1321 tribuissent
888 1236 953 1304 eas
975 1231 1015 1305 in
1037 1211 1336 1319 contar-{iiimtum

96 1356 178 1420 tum
203 1346 497 1437 iminitteremus,
526 1348 600 1436 iusi
626 1349 728 1422 illas
739 1352 805 1424 a'ut
837 1346 1058 1446 scriptorum
1087 1350 1261 1448 codi'¹¹’

96 1487 197 1549 curn,
231 1464 298 1536 ant'
327 1465 548 1595 priscorum
565 1463 752 1537 editorum
785 1464 945 1537 firmaret
977 1465 1251 1542 auctoritas¹n
1198 1415 1264 1577 ¹¹3}
1276 1464 1347 1541 dis·

98 1576 247 1674 Magna
261 1602 352 1652 sane
367 1577 525 1676 ingenia}
543 1589 596 1651 et
605 1602 684 1651 non
688 1578 846 1674 injusta
869 1579 926 1653 sui
946 1579 1090 1654 fiducia
1104 1535 1242 1654 suberit
1237 1545 1295 1642 tin
1297 1594 1341 1641 it

96 1693 200 1781 nixa,
217 1694 396 1768 veterum
399 1693 547 1793 scriptis
561 1695 723 1792 proauis
749 1693 903 1768 licenter
927 1696 1136 1785 abutantru,
1154 1707 1193 1772 et

96 1832 145 1884 ea
161 1834 225 1883 sus
242 1809 365 1907 deque
382 1819 541 1898 vertant,
559 1818 607 1897 et,
624 1810 821 1910 quidquid
835 1809 1055 1885 collibitum
1065 1813 1192 1887 animo

94 1924 217 2013 luerit,
234 1949 302 2022 pro
326 1925 481 2026 imperio
504 1926 621 2001 recidi
641 1927 810 2021 jubeant,
828 1927 1025 2016 immutari,
1045 1928 1191 2028 ablega·

95 2040 139 2131 ri,
165 2041 358 2118 innovari:
393 2044 496 2141 quod
517 2067 600 2118 non
623 2041 689 2117 ita·
703 2044 850 2141 pridem
877 2045 1191 2121 doctissimi'duo

94 2166 137 2232 et
149 2158 435 2256 ingeniosissimi
451 2159 528 2246 viri,
552 2159 644 2231 altar
667 2159 770 2254 apud
792 2158 952 2254 Ang'los‚
970 2161 1063 2234 alter
1078 2162 1192 2234 etiam

96 2273 300 2350 animosior
327 2273 430 2370 apud
455 2297 538 2359 nos,
560 2273 606 2346 in·
626 2271 787 2346 Horatio
815 2273 895 2345 nusi
918 2282 1016 2346 sunt.
1069 2273 1191 2349 N'obis

94 2414 175 2467 nou
189 2389 278 2464 licet
292 2415 375 2464 esse
397 2397 476 2463 tam
500 2388 656 2464 fortibus
682 2414 728 2463 ac
754 2389 924 2478 strenuis,
950 2415 1045 2488 quos
1062 2391 1191 2466 *tenuis

96 2506 278 2583 doctrinae
310 2510 351 2580 ct'
363 2504 516 2603 ingenii
548 2530 645 2579 rena
667 2505 839 2604 probibet
867 2507 963 2581 altos
996 2508 1192 2605 concipere

94 2623 257 2723 spiritns
273 2632 312 2697 et
328 2620 595 2696 asereriornm
610 2622 735 2719 legum
751 2622 968 2721 prescripto
985 2621 1190 2698 discedere.

96 2738 233 2837 Neque
257 2737 604 2836 enimignoramus,
629 2755 729 2836 quas
759 2738 921 2837 antiquis
950 2739 1190 2838 scriptoribus

96 2854 200 2929 labes
217 2855 423 2953 asperserit,
440 2857 524 2954 qum
549 2853 722 2929 inusserit
747 2854 932 2952 stigmata,
959 2856 1040 2930 baec
1063 2867 1191 2931 ‘emen-

95 2969 214 3046 dandi
231 2971 403 3066 prurig03
425 2996 497 3045 nec
522 2971 644 3045 minus
669 2980 801 3068 postea
824 2995 947 3069 operae
973 2973 1203 3071 ponendum¹

94 3085 210 3161 fuisse
224 3084 502 3161 inrevocaridis
517 3086 793 3159 adsanitatem
815 3086 859 3159 iis
875 3112 960 3182 quaa
978 3086 1191 3160 criticorum

94 3199 265 3288 audacia,
282 3223 398 3298 quam
413 3207 497 3298 quas
514 3199 745 3273 librariorum
762 3199 943 3297 imperius
956 3210 1187 3298 peccaverat.

94 3317 343 3417 ltaque'hanc
359 3316 468 3392 nobis
484 3317 605 3415 legem
622 3314 826 3402 sanximm,
844 3340 890 3389 ea
914 3323 1044 3391 nostra
1064 3316 1135 3392 biit
1149 3317 1189 3392 in

94 3436 293 3512 battando
311 3434 406 3509 Livii
422 3443 601 3509 contextu
622 3432 763 3530 religio,
786 3441 831 3506 ut
846 3456 933 3514 non
955 3442 1104 3510 nostras
1129 3445 1189 3511 so·

91 3545 183 3635 luin,
201 3547 269 3623 seii
292 3558 330 3622 et
354 3558 559 3626 ceterorum
580 3551 818 3643 conjecturas
843 3550 892 3623 ab
916 3573 969 3624 eo
986 3563 1189 3627 removere

94 3663 203 3756 mos;
233 3664 311 3739 uisi
329 3689 394 3739 eas
418 3665 524 3753 forte,
550 3690 635 3763 quae
660 3677 777 3762 quum
801 3674 840 3739 et
863 3665 1076 3743 ve1isimiles
1100 3668 1187 3755 siut,

92 3775 132 3858 e‘t
154 3777 301 3877 jamdiu
331 3779 477 3857 Livium
500 3779 740 3868 insedissent,
771 3780 951 3857 eliminari
978 3791 1056 3856 n'on
1076 3790 1188 3879 pote

92 3908 188 3986 rant,
218 3895 312 3996 qnin'
331 3906 460 3972 nostra
478 3895 681 3972 nimiuma
702 3896 834 3972 ceteris
846 3897 1088 3996 ‘discreparet
1111 3895 1188 3971 edl-

93 4005 263 4091 ctu-seo
280 4023 364 4088 tuur
377 4037 527 4113 quoque
542 4012 721 4088 lectorem
740 4013 781 4087 in
796 4014 896 4087 notis
912 4012 1186 4098 admonuimus,

91 4129 347 4225 conjecturam
363 4129 408 4218 ei,
426 4153 505 4205 non
520 4140 660 4206 certam
676 4128 776 4204 Livii
788 4151 941 4204 manum
956 4128 1146 4205 exhibetis
1165 4135 1170 4148 '

145 4246 230 4322 Nec
261 4247 380 4346 piguit
401 4243 617 4323 'lenidribds
644 4244 795 4345 qnoque
815 4245 946 4323 uictu
963 4247 1085 4336 rebus,
1109 4246 1186 4322 ‘ned

613 4368 678 4437 1²2

1198 1664 1271 1709 rento
