2942 4750
460 181 512 240 LI
520 182 555 239 B.
576 179 670 241 XLV.
705 181 804 240 cte.
823 181 889 240 XV.
1146 188 1201 241 183

132 361 191 403 suu
210 351 313 423 postea
329 344 420 407 trium
433 367 536 430 regum
558 345 644 408 bellis
657 345 798 426 deinceps
820 343 957 407 omnibus
972 340 1113 424 functum
1131 343 1197 430 offi-
1209 360 1236 406 U.
1248 357 1274 406 c.
1287 357 1341 406 tet

133 427 199 489 eise.
249 428 386 492 Victoria
406 453 476 494 vero
494 433 606 513 populi
619 432 757 493 Romani
770 432 875 493 letari
892 451 959 492 essm
979 451 1080 514 regem
1095 426 1237 496 meunt
1250 422 1276 468 ⁰·
1290 421 1343 469 ¹⁶⁸*

132 532 279 587 noneste,
295 517 469 597 quitortem
488 538 600 580 omnem
614 516 758 598 sortnnoe
780 518 924 599 regnique
944 516 991 578 sui
1012 537 1079 577 uem
1100 517 1197 580 rebus¹
1346 535 1349 540 ·

136 594 286 662 Iiomonis
300 603 507 666 inmiscuisset.
553 601 666 664 Grates
688 603 762 664 Diis
775 622 831 681 pro
844 602 947 681 pupuli
962 601 1092 663 Romani
1106 603 1196 665 vieto·

131 683 181 745 ria
196 687 283 765 apitii
295 708 364 749 suos
385 698 510 768 penates
530 696 652 769 ageret‚·
676 688 784 749 Rome
794 688 899 768 filium
914 709 973 767 pro
995 708 1030 747 eo
1052 697 1195 750 uetscrum.

133 769 328 833 Gratulatum
350 793 465 855 quoqne
484 774 561 835 satis
581 788 695 834 suo‘ue
714 776 812 852 patris
833 774 955 833 nomine
976 793 1044 834 esse.
1093 773 1196 853 [psum

130 854 300 938 relinquere
320 879 453 940 regnum,
471 867 508 920 et*
516 855 625 938 Africa
647 859 796 931 excedere,
822 867 1025 939 preterquam
1046 861 1126 939 qnod
1148 860 1198 921 illi

132 941 246 1003 imdile
259 952 345 1017 esset,
361 963 422 1004 non
437 965 498 1006 esse
508 966 525 1005 e
534 944 684 1023 republica
693 944 805 1023 populi
819 942 964 1016 Ιίυηιαηί,
980 954 1114 1005 senatum
1127 966 1196 1007 cen·

133 1046 208 1088 sere.
254 1025 378 1090 Petenti
402 1026 577 1113 Masgabae,
594 1039 630 1090 ut
651 1027 804 1090 ⁶⁰Hanno
827 1026 1020 1089 Hamilcaris
1037 1028 1117 1090 iilius
1138 1029 1196 1092 ob-

133 1106 208 1172 sesk
237 1110 269 1174 in
300 1112 613 1198 locum*¹exigeret.
674 1111 813 1175 Munera
848 1134 889 1175 ex
925 1115 1197 1178 senatusconsulto

133 1216 238 1258 esnere
268 1200 378 1283 regulo
403 1211 540 1284 quaestor
562 1198 668 1282 jussus
690 1219 728 1260 ex
750 1200 908 1260 “eentum
931 1199 1039 1280 pondo
1061 1200 1193 1284 argenti,

131 1293 164 1342 et
189 1284 343 1368 prosequi
364 1307 437 1348 eum
466 1282 626 1362 Puteolos,
648 1304 839 1367 omnemque
865 1299 1015 1354 sumtum,
1036 1285 1137 1368 quoad
1161 1286 1194 1348 io

132 1364 228 1429 Italis
242 1383 331 1445 esset,
348 1371 501 1454 praebere,
517 1383 548 1432 et
562 1369 640 1431 duas
654 1389 749 1430 noves
766 1368 952 1442 conducere,
970 1368 1083 1451 quibus
1097 1371 1118 1402 ⁰¹
1130 1371 1195 1454 ipse

131 1452 328 1538 comitesque
358 1456 441 1541 regis
468 1454 500 1516 in
525 1452 666 1517 Africam
690 1452 938 1515 deueherentur:
970 1470 1000 1516 et
1027 1456 1195 1518 comitibus
1235 1479 1239 1486 ·

130 1537 292 1614 omnibus,
310 1540 415 1603 liberis
430 1541 598 1625 servisque,
615 1539 798 1602 vestimenta
813 1538 898 1602 datu.
927 1539 1023 1602 Haud
1038 1540 1079 1603 its
1095 1541 1195 1603 multo

129 1637 203 1704 post
218 1623 259 1686 de
273 1624 373 1688 altero
389 1625 567 1688 Masinissae
589 1623 654 1686 filio
673 1623 837 1706 Misagene
860 1622 960 1687 litere
975 1626 1089 1688 adlatae
1109 1639 1192 1702 sunt,
1204 1637 1342 1699 Misagenes

129 1710 253 1772 missum
275 1732 339 1773 enm
362 1713 402 1773 ab
423 1713 465 1774 L.
481 1710 595 1773 Paulo
610 1719 684 1791 put
705 1711 850 1772 devictam
864 1711 977 1773 Persea
1001 1713 1032 1773 in
1054 1703 1339 1792 Asticamffl‘tffiu·

129 1815 195 1856 eum
210 1797 358 1877 equitibus
371 1798 430 1859 suis
435 1831 446 1867 ,·
470 1798 676 1879 nauigantem,
693 1795 828 1875 dispersa
841 1796 934 1859 elusse
955 1797 989 1857 in
1002 1795 1196 1858 Hadriatico
1204 1766 1348 1814 Masnlua.

129 1881 219 1954 muri,
244 1882 441 1945 Brundisium
468 1881 561 1945 tribus
584 1880 708 1944 navbus
730 1901 843 1964 aegmns
866 1880 1004 1943 delatum.
1049 1878 1099 1942 Ad
1122 1902 1195 1945 eum

133 1984 205 2026 cum
227 1964 339 2029 iisdem
362 1967 558 2041 muneribus,
574 1988 647 2051 quae
661 1966 737 2030 dats
761 1967 875 2030 Romus
895 1965 982 2028 fratri
1006 1965 1071 2050 ejus
1092 1980 1192 2044 erant,

133 2047 172 2111 L.
180 2050 357 2199 t{ilentilpius
367 2064 504 2137 quaestor
514 2051 720 2116 Brundisium
738 2054 867 2116 missus:
885 2053 1056 2137 jussusque
1070 2073 1192 2128 curere,

131 2147 165 2197 ut
233 2159 265 2199 es
303 2139 387 2221 ospi-

505 2244 523 2281 tt
654 2245 673 2279 ὓ
803 2241 822 2278 b·

172 2359 250 2424 XV.
266 2360 336 2397 ω
350 2359 382 2423 io
398 2372 533 2445 quatuor
552 2359 689 2422 urbanas
703 2358 806 2421 tribus
827 2356 976 2439 descripti
998 2371 1087 2421 ersnt
1100 2359 1196 2423 liber·

129 2444 200 2519 tini,
216 2458 340 2527 proeter„
357 2466 423 2524 eos,
437 2436 583 2529 ⁸'quibus
605 2443 688 2505 filius
710 2442 906 2526 quinquenni
926 2443 1024 2526 major
1047 2464 1087 2504 ex
1107 2464 1196 2506 senu-

129 2527 330 2593 tusconsulto
356 2542 446 2593 esset.
497 2524 572 2604 Eos,
604 2527 657 2591 ubi
684 2525 833 2610 proximo
855 2526 953 2589 lustro
977 2528 1062 2589 censi
1084 2540 1195 2605 essent,

130 2615 289 2679 ⁶⁴censeri
304 2617 486 2700 jusserunt:
510 2626 543 2679 et
563 2635 625 2689 eos,
643 2614 697 2697 qui
718 2610 876 2697 praedium
901 2611 1059 2697 proedisve
1080 2614 1195 2677 rustica

157 2726 244 2780 lubus
253 2736 299 2781 del.
312 2737 385 2783 Grou.
397 2736 467 2784 Crev-
531 2732 713 2795 tumueras.
789 2731 906 2794 lsignum
918 2734 1012 2780 lacunae
1023 2735 1091 2780 deest
1103 2734 1162 2780 Ead.
1188 2756 1196 2767 ι

124 2845 183 2877 eum
196 2832 333 2880 Masinissae
343 2835 504 2894 gratulatione
514 2840 539 2879 et
550 2833 645 2878 modes·
676 2832 743 2877 enim
755 2830 883 2891 Masgaba,
895 2838 923 2876 ut
936 2830 1071 2878 Masinissoe
1087 2833 1151 2892 regis
1169 2833 1196 2878 ti.

123 2896 158 2940 tia
169 2902 245 2941 certet
256 2899 372 2944 comitate
383 2905 407 2943 et
418 2899 536 2944 laudibus.
675 2896 732 2948 lius.
744 2907 787 2940 rex
805 2902 830 2940 et
846 2896 896 2955 ip<e
913 2895 959 2940 dici
971 2896 1098 2954 potuisset,
1110 2902 1135 2941 st
1147 2909 1195 2941 vox

160 2961 193 3005 60
210 2959 297 3006 Hanno
312 2961 438 3008 eminans
445 2962 514 3021 filisu
529 2960 607 3018 hospes
618 2961 643 3003 in
676 2959 724 3018 lpse
734 2959 840 3017 postulat
851 2961 906 3020 ejus.

125 3023 201 3069 lomim
218 3024 332 3088 mpero]
350 3024 430 3071 Nemo
445 3038 492 3069 non
510 3025 576 3070 videt
592 3035 647 3067 mu·
711 3022 743 3067 68
765 3020 852 3075 Quibus
870 3024 938 3085 filies
959 3022 1100 3083 quinquenni
1121 3025 1195 3083 major

126 3087 438 3134 ttiumessehunelocum.
475 3087 587 3147 Sigonius
604 3098 647 3144 pro
678 3087 744 3131 ess.
762 3085 789 3131 C.
807 3086 874 3148 esset]
892 3088 976 3147 Inepte
995 3087 1035 3132 hie
1056 3086 1196 3131 inseruntur

125 3150 206 3210 nospes
224 3151 283 3211 legit
299 3151 365 3197 obses.
406 3151 491 3196 Cetera
509 3153 554 3196 hoc
574 3150 646 3194 modo
679 3150 718 3193 hes
735 3162 805 3195 voees
821 3162 850 3195 es
863 3149 1060 3196 aenutmeonnslto.
1094 3147 1142 3193 Vel
1159 3162 1195 3195 re·
1261 3203 1266 3213 Ι

46 3252 54 3275 ,
127 3217 240 3274 supplet:
258 3214 351 3260 Petenti
369 3213 499 3273 Mmgatoe,
516 3218 542 3258 ut
558 3213 646 3257 Hanno
674 3210 723 3272 jiee
734 3226 775 3257 ess
785 3213 811 3256 in
823 3214 989 3266 anteriorum
1005 3212 1196 3258 mutuaretuullo

126 3276 257 3324 Amilenrie
270 3279 338 3338 stim
359 3279 419 3323 obses
441 3274 552 3336 [altenus
565 3273 646 3337 cujus-
678 3276 786 3335 descripti
803 3282 869 3321 erant
887 3277 1006 3331 libertinis
1032 3278 1070 3322 vel
1091 3277 1121 3322 iis
1139 3290 1195 3336 quse

125 3341 197 3403 dnm]
210 3343 235 3386 in
246 3341 320 3386 locam
331 3339 462 3401 [Romanis
473 3355 487 3386 s
500 3341 579 3387 l’oenls
590 3340 646 3384 mit·
678 3346 813 3399 sequuntur
829 3337 943 3401 adjunge,
959 3342 1083 3387 certesiae
1093 3344 1194 3387 unnim·

126 3410 227 3459 terrim,
237 3407 360 3465 respondit
369 3413 466 3451 senatus
474 3406 539 3451 haud
548 3417 647 3463 aequum
679 3403 911 3465 eonndtoybmernnt.

124 3468 212 3521 videri.
230 3476 258 3513 ut
275 3470 369 3514 obsides
384 3468 647 3529 aCarthsginiensibus
711 3466 743 3511 64
755 3468 849 3514 Cenaeri
856 3468 989 3530 jusserunt]
998 3469 1090 3531 lloecet
1101 3482 1194 3528 eaquoe

124 3532 227 3578 arbitrio
259 3532 408 3594 Masinissae]
440 3535 548 3592 algeret.
600 3532 647 3577 Sed
678 3539 814 3590 sequuntur
836 3532 993 3593 intelligimus
1011 3535 1041 3581 de
1058 3534 1195 3581 censoribus

125 3609 206 3655 quum
225 3597 403 3641 nihilomnino
422 3597 507 3642 afferat
524 3595 644 3656 Sigonius,
678 3595 704 3640 C.
726 3594 856 3648 Flaminio,
876 3603 900 3642 et
920 3597 948 3643 L.
968 3597 1076 3652 AEmilio,
1097 3612 1145 3644 non
1165 3598 1195 3643 de

124 3661 241 3718 quohaee
256 3656 394 3720 conjectura
410 3661 510 3714 nitatur,
531 3673 575 3706 nee
596 3660 645 3705 ullo
677 3660 1038 3719 censoribusquihocsnnoln
1050 3664 1195 3724 magistratu

124 3724 200 3769 modo
219 3724 365 3783 probabilius
381 3726 413 3769 sit
424 3725 478 3769 haec
489 3725 592 3770 voluisse
605 3722 645 3767 Li·
677 3728 762 3768 eraots
780 3725 874 3770 duabus
890 3726 995 3771 maxime
1012 3730 1110 3775 adducti
1122 3725 1195 3770 ratio-

126 3786 207 3841 vium,
218 3798 299 3848 quam·
304 3788 422 3847 quidlibet
432 3788 507 3840 aliud,
519 3788 584 3846 quod
595 3786 645 3831 eui·
678 3787 767 3831 nibusi
784 3801 841 3841 una.
851 3791 915 3848 quod
924 3803 1008 3835 omnes
1017 3792 1118 3837 omnino
1126 3787 1196 3832 liber·

125 3851 165 3895 vis
176 3851 201 3896 in
213 3857 321 3897 mentem
332 3851 414 3897 venire
430 3858 519 3911 qneset,
536 3849 646 3910 religioni
678 3850 722 3894 tini
742 3852 768 3895 in
788 3853 878 3898 tribum
893 3853 1044 3914 Esquilinam
1061 3867 1076 3897 a
1087 3849 1196 3896 Graccho

123 3914 242 3961 duximus
252 3916 371 3961 incertum
383 3927 480 3973 prorsus
497 3915 646 3960 additamen·
677 3910 780 3974 conjecti
792 3916 910 3964 videntur.
940 3917 1062 3975 Perpende
1074 3913 1147 3957 verba
1155 3910 1196 3957 Ll-

124 3985 181 4023 turn
193 3979 218 4024 in
230 3985 372 4025 contextum
387 3979 530 4023 admitteres
554 3977 645 4022 locum·
678 3978 758 4031 viana,
777 3980 802 4023 in
822 3995 889 4040 quam
908 3980 1042 4037 omnesqui
1062 3975 1196 4022 unitatem

124 4055 174 4103 que
185 4056 302 4088 maneum
313 4042 447 4101 relinquere
458 4041 596 4086 maluimus.
677 4045 807 4096 mutent.
829 4046 980 4105 conjicerent:
1005 4046 1029 4086 et
1049 4052 1147 4084 rursus:
1170 4040 1196 4085 ln

160 4106 192 4152 ol·
209 4106 308 4153 Cenum
325 4106 403 4167 pondo
423 4103 527 4166 argenti]
555 4104 646 4149 Marcis
677 4118 703 4149 eo
725 4105 762 4151 rt
787 4108 905 4154 Graeclam
921 4103 1086 4164 pronunciavit
1109 4101 1196 4153 liberti.

126 4170 276 4216 noemssbiss
288 4170 341 4217 los
354 4169 432 4217 unciis
443 4169 465 4216 2.
677 4182 718 4213 nos
733 4169 907 4218 ornnescensert
919 4167 1017 4227 plaeere.
1051 4165 1196 4217 nundenae

160 4233 191 4280 ⁶2
208 4234 405 4293 lpaeeomlteaqae
418 4230 493 4295 regit]
511 4231 645 4291 Legeeum
677 4233 811 4280 locutiones
821 4237 864 4295 jas
872 4232 1018 4293 factumest,
1034 4235 1059 4276 et
1074 4230 1197 4293 hecquem

128 4296 251 4344 Gronovio
277 4298 411 4358 nutuque
440 4299 496 4359 ejus.
541 4295 645 4343 Etiamsi
678 4297 712 4340 ita
727 4301 845 4343 sumtum
860 4298 924 4351 esan,
937 4294 1196 4356 nonvidenturaoeipi
