2942 4750
189 126 192 131 ’
262 201 289 251 x
638 163 989 245 1111111111).

104 409 217 458 asoa.
263 393 361 472 runt,
384 373 550 458 historie
569 381 722 465 modam,
739 378 781 451 id
800 377 899 450 enim
918 373 1127 450 seeundum
1146 379 1238 456 erat,
1255 392 1363 444 exce·
1421 350 1432 369 ⁹

101 476 258 596 mviii
265 507 374 577 dant:
399 499 440 572 id
456 506 523 584 est,
538 497 569 571 si
584 505 683 569 recte
700 488 932 590 assequimur
943 488 1172 569 accusatoris
1184 492 1364 573 mentem,

100 604 256 730 m?
265 617 363 692 rrltra
378 606 553 689 terminos
570 609 712 707 legibus
735 609 938 707 praefinitos
963 616 1177 702 evagantur,
1195 628 1266 677 nec
1278 605 1363 697 jam
1424 624 1428 633 ¹

100 741 233 844 2232?
264 731 459 807 historicos
490 752 530 800 se
555 751 639 800 esse
667 725 808 811 volunt,
839 724 907 798 sed
934 731 1111 811 oratores.
1163 719 1211 793 Id
1245 743 1362 814 quarn

99 812 210 923 baius
262 842 522 920 convenienter
537 840 578 914 in
603 840 779 915 Sallustio
796 849 834 914 et
859 838 966 913 Livio
990 835 1238 933 reprehendat
1261 833 1360 907 Tro

100 927 229 1036 fflm.
261 986 331 1057 gns
358 958 573 1054 Pompeius,
600 956 680 1053 ipse
706 954 849 1041 viderit,
879 954 942 1049 qui
971 951 1142 1051 obliquas
1168 948 1357 1023 orationes
1403 996 1412 1045 ,¹

99 1053 244 1165 xxm·
261 1073 422 1149 historias
439 1098 516 1145 suae
532 1096 610 1145 non
627 1070 861 1145 dubitaverat
877 1069 1051 1153 intexere,
1068 1090 1226 1164 quarum
1242 1088 1357 1139 unam

99 1219 219 1268 11111111.
261 1189 369 1263 nobis
399 1186 560 1262 servavit
588 1186 771 1271 lustinus,
805 1183 989 1281 plerisque
1023 1180 1188 1256 [imanis
1213 1179 1358 1277 prolix·
1447 1188 1448 1255 i

99 1282 386 1406 ffffijiorom.
436 1301 539 1385 Quis
571 1300 671 1375 enirn
703 1295 781 1373 non
813 1299 939 1372 videat
969 1298 1143 1370 eamdem
1175 1296 1287 1393 plane
1319 1304 1358 1367 et
1447 1298 1448 1301 ’

261 1418 506 1514 obliquorum,
523 1426 562 1490 et
578 1415 802 1488 directarum
816 1413 1039 1489 concionum
1051 1436 1133 1485 esse
1149 1409 1355 1492 rationeml

262 1532 492 1606 Praeclarum
508 1555 595 1605 vero
616 1529 889 1604 commentum!
915 1527 1048 1600 mirum
1066 1527 1267 1600 artificem!
1293 1523 1356 1621 qrri

261 1673 329 1746 pro
343 1649 554 1733 indicativa
564 1648 680 1722 modis
695 1644 845 1742 irfinilo
857 1642 1063 1737 subjecerit,
1077 1652 1116 1715 et
1124 1643 1217 1715 loco
1222 1643 1355 1739 prime

255 1789 420 1862 perronae
436 1765 591 1838 tertiani.
643 1761 722 1834 Eos
749 1759 812 1856 qui
831 1759 921 1832 nihil
947 1758 1111 1845 omnino,
1125 1783 1180 1832 ‚aa
1203 1782 1253 1830 ne
1275 1780 1355 1829 ora·
1447 1750 1448 1789 ¹

261 1878 382 1952 tiones
396 1878 558 1975 -quidem
582 1877 683 1972 ipsas
699 1874 739 1948 in
754 1874 946 1955 historiam
961 1874 1082 1948 ,inseri
1106 1874 1242 1947 debere
1268 1895 1354 1946 con·

260 1993 430 2077 tendunt,
455 1990 531 2064 nisi
552 2015 612 2063 ex
645 1998 875 2073 vetustorum
908 1998 1235 2062 monumentorum
1269 1987 1353 2074 lide,

260 2104 329 2180 etsi
341 2106 455 2203 paulo
472 2104 672 2179 severiores
687 2115 785 2191 sunt,
804 2104 946 2201 aliquid
961 2114 1089 2179 tamen
1106 2114 1256 2179 secutos
1271 2126 1353 2185 esse
1447 2146 1448 2187 ;

261 2220 382 2295 video.
433 2219 574 2295 Verum
599 2220 624 2293 ii
649 2243 719 2293 nos
744 2220 911 2318 profecto
934 2219 1096 2294 ludibrio
1120 2220 1272 2305 habent,
1293 2217 1356 2315 qui

260 2362 375 2434 quum
409 2336 570 2412 directas
597 2335 804 2411 conciones
835 2337 1045 2435 reprobent,
1073 2337 1137 2431 jus
1163 2335 1241 2410 sibi
1272 2358 1355 2409 esse

260 2452 474 2540 existimant
499 2451 680 2549 obliquas,
702 2452 974 2550 quantumlibet
997 2452 1174 2550 prolixas,
1201 2451 1355 2548 inopus

261 2567 371 2642 sunm
402 2568 631 2643 includendi.
684 2567 789 2642 Nihil
822 2591 910 2664 ergo
945 2567 1089 2641 videtur
1122 2567 1255 2654 afferri,
1289 2591 1354 2640 cnr

261 2682 368 2756 Livio
385 2708 472 2755 suas
499 2681 684 2755 orationes
707 2680 796 2754 vitio
814 2707 859 2754 ac
876 2681 995 2777 culpae
1013 2681 1094 2766 dari
1120 2684 1257 2757 debere
1272 2705 1354 2780 pro

260 2797 482 2870 nuntiemus.

99 2936 241 3012 namtas:
309 2911 364 2984 At
389 2910 490 2985 circa
516 2910 675 2983 sormam
696 2911 875 3006 loquendi
894 2913 1189 3010 elegantiamque
1216 2936 1353 2987 senno
1447 2907 1448 2910 '

99 3000 317 3100 ¹¹¹‘⁸‘⁰L¹'¹¹‘nis
343 3025 446 3100 litem
467 3025 501 3099 ei
524 3026 669 3100 dudum
696 3027 813 3099 movit
838 3027 893 3101 vir
913 3028 1060 3126 ingenio
1082 3040 1120 3102 et
1144 3029 1357 3125 eloquentia

261 3142 499 3230 clarissimus,
517 3142 672 3218 Asinius
698 3141 835 3230 Pollio,
853 3144 970 3241 quiin
987 3169 1033 3218 eo
1053 3147 1211 3242 putabat
1233 3143 1356 3218 inesse

99 3289 203 3339 onan.
212 3288 252 3334 11.
261 3259 466 3355 quamdam
493 3259 798 3346 Patavinitatem,
829 3259 906 3333 sive
934 3258 1141 3334 locutiones
1169 3260 1355 3356 quasdam
1447 3311 1448 3316 ,

100 3354 344 3469 ssffssijljfissquae
368 3373 605 3462 Patavinum,
628 3384 669 3447 ut
690 3373 743 3446 ita
765 3374 900 3460 dicam,
925 3375 1045 3448 solum
1073 3386 1257 3474 saperent,
1283 3383 1353 3448 nec'

99 3487 156 3529 Η·
260 3498 386 3561 essent
411 3490 577 3584 quadarn
605 3489 813 3563 urbanitate
839 3490 1045 3564 colorataer.
1098 3491 1187 3566 Hoc
1214 3492 1354 3566 crimen

299 3693 311 3721 ¹
330 3687 426 3748 Aliter
438 3690 524 3749 multi
538 3690 617 3749 docti
630 3689 685 3747 viri
699 3690 788 3750 inter-
826 3710 887 3749 non
1023 3692 1152 3770 pretium
1174 3711 1236 3751 esse
1259 3693 1353 3749 visum

260 3765 366 3844 pretati
392 3779 462 3826 sunt
487 3767 567 3826 illam
588 3767 790 3827 Patavinitatir
828 3780 880 3827 est
938 3768 1027 3846 iquis
1039 3779 1139 3827 tamen
1151 3790 1200 3828 eas
1213 3771 1354 3846 interpress

261 3844 502 3915 criminationem,
516 3855 547 3903 et
558 3843 727 3903 intellexere
740 3844 790 3904 alii
828 3846 951 3905 tationes
960 3865 1081 3923 operose
1094 3866 1229 3908 excussas
1237 3858 1268 3905 et
1276 3846 1356 3906 refu·

262 3922 392 3980 studium
400 3922 527 3999 partium
537 3920 789 3998 Pompeianarum,
829 3933 903 3982 tatas
916 3924 1015 3982 videre
1028 3924 1161 3996 voluerit,
1179 3924 1264 3983 adeat
1277 3924 1356 3981 Dan.

262 3996 311 4056 alii
324 3999 425 4057 odium
446 4000 477 4056 in
491 3997 601 4069 Gallos,
621 4009 672 4056 aut
686 3997 791 4056 similia
829 3999 967 4058 Mothofii
992 4001 1124 4060 bbellum
1145 4002 1236 4059 densa
1258 4000 1358 4058 erudi·

262 4088 444 4135 commenta:
466 4096 532 4153 qure
550 4094 642 4152 quum
661 4075 729 4133 satis
742 4074 791 4133 vel
829 4075 908 4135 tione
920 4078 1150 4148 refertissimum,
1163 4073 1358 4139 &Patrobi-

263 4148 333 4224 ipsis
353 4152 528 4224 Quintiliani
543 4152 639 4210 verbis
657 4162 790 4210 evertan-
829 4160 886 4212 tale
899 4154 1030 4214 Liviana.

262 4235 320 4294 tur,
341 4228 373 4284 in
392 4227 449 4286 illis
462 4228 629 4288 refellendis
643 4228 789 4286 immorari
