2942 4750
302 172 363 228 iss
707 163 814 224 ΤΙΤΙ
839 161 972 222 ΙΛῊῙ

140 343 275 395 usust
300 341 383 396 rent.
428 329 527 407 Quod
547 327 604 393 ubi
626 325 696 391 fleri
719 325 833 391 milites
859 346 994 404 senmre,
1016 324 1071 391 alii
1092 325 1233 415 gaudere
1252 326 1372 413 palsms
1391 403 1397 411 ,
1414 368 1445 383 -ι

138 410 274 459 *⁶¹⁶⁸
300 416 388 503 quod
408 415 505 481 fessos
525 416 586 479 vise
611 413 721 477 labore
748 412 990 499 flagrantissimo
1013 426 1093 478 astu
1121 436 1188 478 non
1217 405 1379 501 coiigissef

298 523 454 591 pugnare.
480 502 575 586 legati
597 501 682 563 circa
705 500 928 583 imperatorem
949 499 1108 586 dacmque
1129 501 1252 565 externi
1267 511 1369 580 erant,

299 591 384 655 inter
394 610 473 674 quos
481 602 514 650 et
523 585 662 660 Attalus,
674 588 801 647 ‘omnes
811 584 1035 669 adprobantes,
1043 606 1143 670 quum
1153 599 1370 670 pugnaturum

300 675 461 740 consulem
477 671 667 736 credebant:
690 671 911 756 ⁷nequeenim
928 692 968 734 ne
983 671 1031 735 bis
1047 674 1371 756 cunctationem-ape·

299 771 409 824 ruerat
420 780 521 821 suam.
549 770 627 821 tunc
642 758 819 821 mutatione
832 756 956 820 consilii
978 758 1083 822 subita
1104 780 1202 843 quum
1224 758 1278 821 alii
1297 758 1370 822 aile-

300 857 382 921 rent,
400 844 518 908 Nasica
533 866 615 907 unus
635 865 675 908 ex
696 843 845 906 omnibus
859 865 954 907 ausus
975 856 1022 907 est
1043 864 1174 907 monere
1194 843 1368 923 consulem,

139 936 247 1013 Nares·
300 930 371 994 'Ne
392 932 508 995 bostem
528 934 649 1014 quidun
665 929 834 1010 ludificator
849 931 973 1010 priores
995 931 1198 1012 imperotores,
1208 931 1372 1015 figienda

137 1004 292 1113 ffiffiss
300 1026 461 1094 certamen,
484 1018 624 1080 manibus
644 1017 787 1080 emittere.
835 1015 950 1094 Vereri,
966 1037 1004 1079 rte
1024 1026 1113 1080 nocte
1131 1016 1230 1092 abeat,
1246 1037 1371 1100 sequen·

301 1105 356 1168 dus
369 1106 503 1167 marimo
523 1103 627 1166 labore
639 1124 677 1163 ac
693 1102 837 1184 periculo‘
845 1103 879 1163 in
893 1103 1001 1164 insinua
1021 1103 1231 1175 Macednum,-
1255 1105 1371 1166 enerci-

300 1200 416 1273 tusque,
430 1190 505 1253 sicut
520 1189 678 1272 prioribus
691 1187 825 1262 druibus,
846 1208 904 1267 per
916 1189 1010 1251 calles
1022 1190 1176 1272 saltusque
1191 1188 1371 1252 Macedoni-

300 1297 399 1339 corum
421 1278 565 1339 moratium
586 1275 731 1359 vagando
759 1276 993 1357 circumagatur.
1038 1275 1078 1338 Se
1099 1295 1277 1358 magnopere
1299 1296 1370 1338 sua·

299 1363 382 1438 dne,
403 1363 471 1425 dur
489 1364 524 1425 irs
544 1383 650 1444 campo
663 1361 788 1442 patenti
808 1359 920 1422 bostem
939 1360 1059 1437 babeat,
1083 1362 1298 1444 adgrediamr,
1317 1381 1371 1424 nec

300 1448 435 1511 &tan
448 1450 631 1511 samiam
648 1446 789 1513 muudi
810 1445 941 1509 emutat.
987 1444 1120 1521 Consul,
1138 1443 1217 1507 nillil
1232 1444 1369 1509 offensus

300 1531 398 1597 libera
420 1533 649 1597 admonitione.
662 1542 729 1596 tam
752 1530 830 1594 clari
858 1530 1075 1608 adolescentis,
1098 1533 1145 1594 Et
1165 1553 1229 1615 ego,
1252 1532 1367 1616 inquit,

300 1621 432 1683 animum
447 1623 536 1683 istum
555 1619 660 1696 babai,
675 1617 806 1694 Nasica,
822 1639 914 1700 quem
931 1628 967 1681 tu
983 1639 1065 1680 ruens
1085 1615 1197 1680 babes.-
1221 1627 1262 1695 et,
1283 1639 1370 1701 quern
1444 1623 1445 1684 ζ

300 1727 355 1789 ego
370 1728 447 1769 nuru
461 1706 567 1781 babeo,
583 1715 615 1766 tu
629 1703 759 1766 habebis.
804 1703 919 1766 Matris
931 1704 1005 1766 belii
1017 1703 1136 1767 casibus
1147 1704 1260 1783 aaut,
1274 1724 1371 1787 qm·
1444 1759 1445 1774 ,

302 1793 342 1853 do
357 1794 570 1876 pugnandum,
586 1791 709 1873 meando
723 1787 928 1851 abstinendum
942 1792 1120 1872 pugnauit.
1162 1789 1256 1852 ’Non
1270 1810 1374 1871 opem
1444 1789 1445 1864 J

301 1877 342 1940 sit
360 1877 457 1940 stanti
471 1899 547 1939 nuuc
563 1879 597 1939 in
617 1877 684 1938 acie
698 1877 811 1949 meere,
828 1876 936 1956 quibus
958 1877 996 1936 de
1012 1878 1124 1938 caussis
1147 1875 1236 1937 bodie
1256 1876 1370 1958 quiesse
1444 1881 1445 1908 ³

302 1964 411 2024 melius
433 1965 482 2024 sit.
505 1962 640 2025 rationes
662 1961 743 2024 alias
765 1960 931 2041 reposcite.-
961 1981 1041 2022 nunc
1060 1960 1241 2023 auctoritate
1262 1961 1372 2024 ueteris

302 2046 494 2128 imperatoris
507 2058 660 2111 contentus
680 2046 749 2109 eris.
795 2043 958 2108 Conticuit
978 2043 1178 2119 adolescens3
1202 2043 1289 2108 haud
1311 2045 1372 2109 du·

302 2129 355 2195 bie
376 2130 483 2195 videre
505 2132 611 2217 aliqua
635 2131 849 2217 inpedimenta
870 2151 988 2216 pugnae
1018 2131 1191 2211 consulem,
1216 2153 1288 2215 quar
1311 2132 1372 2195 sibi

304 2238 369 2281 nou
386 2217 582 2299 adpeterent.

345 2301 535 2368 XXXVII.
568 2303 706 2381 Paullus,
724 2314 890 2388 postquam
913 2312 1031 2365 metata
1052 2315 1154 2365 castra
1172 2301 1371 2387 inpedimen-

301 2401 396 2477 taque
410 2390 575 2455 conlocata
593 2389 827 2469 animadvertit,
849 2410 890 2453 ex
904 2400 1063 2473 postrema
1081 2389 1289 2453 acie‘triarios
1304 2390 1371 2474 pri-

301 2496 370 2541 mos
394 2476 562 2542 subducit:
593 2477 709 2541 deinde
734 2474 905 2560 principes,
936 2475 1092 2539 stantibus
1121 2475 1153 2537 in
1177 2476 1283 2559 prima
1304 2478 1373 2541 scie

300 2562 442 2641 hastatis,
456 2563 482 2627 si
504 2563 580 2650 quid
599 2562 698 2625 hostis
712 2572 870 2623 moveret:
894 2572 1055 2644 postremo
1070 2559 1218 2637 hastatos,
1234 2560 1276 2626 ab
1291 2561 1371 2626 dex·

301 2661 353 2713 tro
374 2650 514 2734 primum
537 2669 637 2727 corpu
659 2645 858 2731 singulorum
880 2644 1043 2727 paullatim
1069 2647 1233 2730 signorum
1255 2648 1370 2712 milites
1404 2670 1416 2694 ·

302 2735 500 2799 subtrahens.
544 2735 593 2796 lta
613 2731 745 2815 pedites,
765 2730 924 2813 equitibus
946 2752 1019 2794 cum
1041 2731 1102 2795 levi
1117 2746 1275 2797 armatura
1297 2747 1373 2799 ante

301 2822 403 2886 aciem
417 2820 501 2884 hosti
516 2818 679 2900 obpositis,
695 2816 763 2877 sine
778 2815 916 2879 tumultu
932 2817 1077 2882 abducti:
1101 2841 1161 2883 nec
1173 2831 1254 2895 ante,
1272 2841 1370 2905 quam

301 2907 406 2991 prima
419 2905 506 2970 frons
520 2902 593 2966 valli
616 2923 654 2966 ac
675 2899 759 2964 fossa
780 2901 935 2985 perducta
956 2917 1012 2985 est,
1027 2925 1069 2966 ex
1095 2907 1228 2969 statione
1249 2906 1373 2991 equites

302 2994 440 3058 revocati
455 3001 540 3055 sunt.
578 2989 649 3051 Rex
663 3008 801 3072 quoque,
815 3010 914 3074 quum
926 2988 993 3053 sine
1007 2989 1233 3055 detrectatione
1241 3004 1373 3075 paratus

303 3099 447 3166 pugnare
469 3097 508 3138 eo
523 3073 574 3137 die
596 3073 716 3152 fuisset,
731 3086 910 3152 contentus,
926 3076 1012 3160 qaod
1027 3098 1085 3160 per
1105 3076 1232 3140 bostem
1248 3098 1373 3143 moram

303 3166 400 3227 tuisse
413 3182 531 3246 pugnae
546 3161 672 3241 scirent,
687 3172 719 3224 et
733 3160 801 3244 ipse
815 3161 848 3224 in
871 3175 973 3225 castra
988 3162 1094 3246 copias
1108 3162 1246 3227 reduxit.
1293 3163 1375 3233 Cas·
1443 3147 1445 3236 l

303 3249 360 3311 tris
374 3247 570 3329 permunitis,
588 3246 628 3310 C.
640 3246 799 3329 Sulpicius
814 3246 929 3311 Gallus
944 3248 1089 3312 tribunus
1104 3249 1241 3312 militum
1257 3271 1373 3313 secun·
1425 3240 1445 3291 ·l

303 3332 354 3395 dae
369 3331 512 3417 legionis,
529 3334 584 3417 qui
600 3345 719 3416 praetor
739 3334 902 3417 superiore
916 3355 1001 3397 anno
1015 3333 1127 3415 fuerat,
1147 3334 1285 3398 consulis
1300 3358 1375 3421 per·
1394 3329 1445 3379 ’Ὗ

142 3446 245 3506 ΜΝ,
302 3418 400 3480 missu
427 3417 466 3480 ad
493 3419 678 3482 concionem
704 3418 856 3483 militibus
883 3420 1002 3482 vocatis
1030 3422 1263 3504 pronunciavit,
1285 3434 1377 3487 nocte

125 3505 450 3620 ‘ijffffi'prmma’
470 3527 507 3567 sse
529 3506 596 3588 quis
618 3506 650 3568 id
663 3526 724 3586 pro
737 3514 884 3587 portento
905 3507 1064 3589 acciperet,
1085 3509 1124 3570 ab
1142 3509 1220 3570 bora
1240 3511 1377 3573 secunda

142 3638 212 3697 Pici&
336 3651 352 3697 6
370 3650 455 3697 Omnes
473 3653 632 3715 approbantes]
650 3653 741 3698 Omnes
759 3666 820 3712 pug-
852 3666 895 3713 quc
910 3654 972 3699 cutm
986 3657 1151 3702 cunctationem
1167 3659 1288 3715 sperauerat
1307 3669 1377 3702 ruam

304 3729 362 3762 nere
372 3716 505 3775 cupientes,
517 3731 545 3762 ae
556 3718 664 3775 proinde,
671 3730 750 3776 quum
760 3730 821 3777 pug·
853 3718 906 3772 ulli,
916 3732 944 3764 ue
954 3718 991 3764 bris
1000 3719 1098 3779 quidem
1406 3760 1410 3771 ‚

304 3787 420 3827 naturum
438 3782 563 3827 conmlem
581 3782 719 3836 madebant,
737 3794 822 3845 appro-
885 3781 960 3827 ch
980 3783 1066 3829 bostem
1087 3782 1193 3844 quidem]
1222 3782 1378 3829 Particulam

303 3846 388 3892 bantus
400 3845 445 3891 hoc
456 3841 653 3906 ejusconsilium.
853 3845 945 3906 quidem
961 3843 1084 3908 rejicimus
1102 3848 1128 3892 in
1146 3848 1279 3906 superiora,
1300 3854 1331 3892 ut
1349 3847 1377 3894 in

336 3909 451 3969 'tNeque
461 3904 620 3969 salmasius]
638 3908 743 3954 Videtur
754 3921 822 3954 ravo·
854 3911 1070 3968 moeeedentenota
1078 3912 1192 3957 diximus.
1220 3911 1379 3957 CeteraGro·

303 3975 380 4021 cauda
390 3976 440 4020 huc
449 3973 566 4034 particula
580 3971 679 4031 amdan,
691 3984 747 4030 qua
758 3971 823 4021 intra
854 3974 925 4020 novio
936 3980 1033 4020 auctore
1044 3975 1078 4022 sic
1088 3976 1245 4035 refingimuss
1264 3975 1308 4020 Nc
1323 3974 1380 4021 bas·

304 4039 383 4084 alieno
398 4040 451 4084 loeo
467 4039 577 4090 habetur,
589 4035 712 4081 asbestam
723 4034 821 4094 quiderm
853 4040 899 4083 tam
930 4037 1072 4101 ludificatum
1097 4040 1189 4099 priores
1224 4041 1379 4099 imperatam

305 4100 421 4161 legimus
432 4100 504 4163 e'rgoi
522 4114 592 4160 neque
607 4100 670 4145 mrim
679 4111 709 4144 sc
724 4098 761 4143 bis
772 4098 823 4157 qut-
846 4099 964 4162 figienda
973 4106 1095 4158 certamen,
1106 4103 1210 4149 manibus
1220 4105 1348 4150 rediberet.

305 4162 355 4209 dem
392 4168 558 4211 mutationem
590 4166 712 4223 aperuerat
744 4174 819 4207 suam
885 4164 1108 4229 erumpemus]
1127 4166 1183 4213 Vid.
1196 4174 1246 4214 not.
1261 4166 1303 4214 70.
1317 4167 1378 4214 adl.

306 4224 435 4284 Duplierta
450 4231 496 4275 hoe
512 4231 565 4273 loco
581 4227 677 4287 negatio
691 4224 752 4272 nllril
769 4238 822 4270 mo.
854 4228 874 4289 l.
885 4243 906 4275 c.
918 4227 957 4275 24.
1444 4234 1445 4257 ³

305 4289 517 4347 lestumlmbat,si
528 4286 665 4337 ιὶιιιιιὶιοι
675 4291 765 4337 modas
782 4302 821 4341 se·
1020 4285 1035 4311 ⁸
