2942 4750
568 176 851 243 PRAEFATIO.
1194 201 1255 241 cxv

5 320 19 341 ⁴
54 344 60 355 '
157 351 188 406 et
202 362 240 405 ae
253 344 323 428 quis
339 341 493 406 lectionem
504 343 674 408 Liuianum
685 366 853 430 aggressus,
864 353 894 407 et
907 364 976 407 mor
986 345 1066 408 inter
1078 353 1120 409 tot
1134 348 1254 429 opinio·

157 449 226 490 aum
250 429 384 510 scopulos
405 437 436 491 et
455 430 579 492 diversoe
601 431 735 495 lectionis
756 441 850 515 syrtes
870 428 1036 509 odlra‘reas,
1052 430 1131 494 velut
1154 452 1254 518 angue

158 525 320 596 conspecto,
337 512 500 600 παλίνορσος
515 517 613 600 ἀφιςᾴ.
659 514 744 579 Haec
765 529 828 578 tarn
852 515 1018 601 magnilica
1040 514 1126 578 dieta
1144 532 1252 581 utrum

156 594 247 662 factis
257 600 440 683 aequaverit,
453 621 561 676 neene,
574 600 707 685 ignoro:
732 624 804 664 nam
822 602 918 683 ipsius
927 599 1147 664 examinandae
1161 603 1253 668 nobis

5 665 6 678 ἵ
45 734 55 755 ,
156 683 257 748 otium
274 683 423 759 nonfuit,
441 696 471 746 et
487 698 609 748 tanturn
626 690 709 770 quod
726 685 774 748 lris
794 684 870 748 inde
884 685 1057 770 descriptis,
1075 687 1174 750 oculis
1195 688 1252 753 ub-

156 766 220 832 lata
235 784 291 833 est.
338 769 524 845 Badianam,
541 773 665 852 opinor,
682 772 878 847 criminatur¹⁴
889 770 982 834 soedis
1002 771 1178 857 emplastris
1193 774 1252 838 oli-

156 851 268 938 disque
288 855 486 940 malagmatis
510 854 657 918 oblitum:
681 857 771 940 cujus
786 857 817 918 in
838 877 895 918 ora
915 856 1006 919 rideo
1021 857 1174 922 asteriscis
1188 859 1252 946 sig·

156 949 233 1002 nata
248 938 356 1003 dubiae
382 943 547 1023 seripturoe
566 940 647 1017 locu,
664 953 695 1004 et
719 961 949 1025 nonnunquam
971 964 1080 1005 eorum
1103 945 1251 1009 emenda·

156 1023 275 1087 tionem
295 1038 468 1101 tentatam
491 1027 547 1088 sed
571 1024 640 1088 haec
689 1026 771 1088 otius
797 1026 955 1089 laudanda
980 1037 1012 1089 et
1037 1026 1201 1107 industria,
1218 1043 1252 1095 et

155 1108 310 1173 modestia
326 1122 403 1172 erut.
449 1112 559 1196 ltaque
576 1110 655 1173 nihil
667 1048 730 1174 liae
752 1110 955 1174 insultatione
970 1111 1147 1191 deterritus,
1165 1137 1251 1179 anno

154 1196 296 1278 sequenti
328 1195 466 1259 Lutetiae
484 1217 523 1258 ex
542 1196 667 1263 officina
688 1196 794 1261 Nicol.
820 1197 972 1259 Saveterii
997 1196 1123 1261 Livium
1145 1201 1251 1265 emisit

155 1278 301 1343 Andreas
315 1280 525 1355 Levescutius,
539 1304 613 1344 sane
625 1304 695 1345 curn
710 1304 748 1344 eo
760 1280 847 1365 quod
859 1281 1055 1367 Magantiaei
1067 1301 1249 1363 accesserat,

154 1360 212 1427 nec
228 1388 452 1451 usquequaque
474 1368 640 1447 adluerens
662 1388 719 1449 per
740 1366 875 1429 Badium
898 1367 930 1428 in
946 1368 1050 1450 ipsum
1066 1391 1181 1453 corpus
1202 1394 1250 1435 re·

154 1452 271 1533 ceptis:
299 1450 339 1513 de
362 1453 556 1536 marginibus
580 1464 682 1514 tamen
707 1449 832 1514 easdem
861 1464 961 1528 notus,
987 1466 1139 1537 tunquam
1164 1455 1252 1521 haud

152 1535 289 1610 inutiles,
308 1536 459 1617 repetivit
506 1538 620 1598 Annus
635 1535 756 1619 delapsi
777 1534 874 1598 seculi
891 1537 1009 1619 primus
1025 1551 1057 1602 et
1073 1540 1110 1601 tri
1136 1543 1250 1605 esimus

153 1640 239 1683 novo
264 1642 388 1683 rursum
418 1642 476 1682 nos
504 1636 660 1719 proventu
690 1620 805 1684 beavit.
830 1634 897 1684 tum
923 1625 1006 1684 enim
1035 1625 1066 1685 in
1093 1562 1250 1689 lielvetiis

154 1705 266 1769 Simon
284 1706 445 1791 Grynoeus
459 1706 586 1768 ultnnos
601 1707 742 1791 quinque
764 1705 871 1781 libros,
888 1721 1028 1789 repertos
1044 1708 1076 1770 in
1091 1710 1250 1774 membra-

153 1791 202 1851 nis
219 1791 303 1874 apud
325 1789 558 1854 Monasteriurn
581 1790 816 1866 Laurissenum,
838 1789 935 1877 vulgo
960 1792 1141 1873 Lorssense,
1162 1817 1180 1858 e
1200 1817 1250 1859 re·

177 1874 249 1938 ione
266 1875 493 1975 Borbetomagi
515 1890 601 1959 tvans
626 1876 787 1953 Rhenum,
803 1898 860 1961 per
875 1875 928 1941 Jo.
945 1876 1150 1954 Frobeniurn,
1166 1880 1250 1964 pub·

152 1897 214 2039 iice
225 1959 379 2025 exhibuit.
423 1961 585 2048 Dignatus
600 1975 647 2025 est
664 1961 748 2026 lianc
766 1984 892 2048 quoque
914 1961 1047 2048 prologo
1062 1964 1249 2032 Desiderius

152 2044 194 2111 ad
209 2048 282 2111 Car.
301 2044 516 2131 Montjoium:
540 2062 576 2135 et¹
593 2048 701 2112 scribit
722 2051 915 2132 archetypon
937 2046 1033 2111 fuisse
1052 2049 1248 2117 admiranda·

151 2133 323 2206 vetustatis,
339 2134 444 2216 prisco
459 2154 548 2195 more
562 2133 740 2195 litterarum
755 2146 909 2217 perpetuu
923 2134 1002 2197 serie
1017 2136 1059 2196 ita
1074 2135 1246 2219 depictum,

151 2232 189 2281 nt
203 2217 421 2281 difficillimum
438 2216 519 2280 foret
537 2217 666 2279 verbum
688 2240 707 2280 a
729 2219 826 2279 verbo
840 2216 998 2294 dirimere,
1015 2219 1073 2281 nisi
1098 2221 1202 2298 docto,
1215 2237 1248 2289 et

151 2312 285 2381 attento,
302 2316 334 2366 et
346 2304 376 2365 in
393 2300 454 2364 hoc
476 2304 580 2386 ipsum
603 2303 794 2366 exercitato:
819 2300 903 2363 unde
917 2322 982 2362 non
998 2324 1110 2386 parum
1128 2309 1246 2394 negotii

150 2388 244 2453 luisse
259 2390 290 2451 in
308 2387 451 2473 parando
466 2389 650 2472 exemplari,
663 2390 746 2475 qnod
762 2386 867 2472 operis
884 2386 1035 2454 utendum
1052 2389 1244 2457 traderetur:

151 2495 210 2538 nec
223 2475 344 2538 minore
355 2496 431 2537 cura
446 2496 540 2556 qnam
557 2473 618 2537 tide
633 2475 837 2560 advigilatum
853 2497 929 2554 esse,
941 2496 982 2537 ne
995 2498 1030 2538 ns
1055 2499 1126 2540 uum
1142 2478 1174 2541 in
1190 2478 1245 2543 de·

151 2562 318 2624 scribendo
332 2559 373 2623 ab
389 2558 561 2645 archetypo
583 2562 790 2623 recederetur.
813 2559 935 2644 adjecta
952 2576 997 2624 cst
1053 2562 1151 2626 enrici
1167 2563 1245 2629 Gla·

149 2647 239 2709 reani
256 2645 484 2729 Clrrnnologiu.
532 2645 687 2709 Haeredes
709 2645 781 2708 Aldi
805 2643 944 2708 Munatii
962 2659 994 2709 et
1010 2647 1148 2711 Andreae
1162 2649 1245 2712 Asu·

149 2732 214 2794 lani
228 2731 359 2795 biennio
373 2745 446 2812 post
460 2753 500 2793 ex
516 2729 575 2794 hac
589 2731 689 2794 tribus
705 2730 864 2814 prioribus
886 2745 1033 2814 quartum
1049 2748 1170 2796 tomum
1187 2734 1244 2798 ad·

149 2815 309 2882 diderunt.
354 2816 444 2880 Beati
462 2815 611 2880 Rhenani
625 2829 658 2880 et
679 2817 712 2880 Si
739 2815 877 2879 ismundi
900 2813 1023 2881 Gelenii
1041 2817 1168 2901 quando
1187 2843 1244 2903 ap·

148 2904 301 2987 paruisset
318 2904 453 2966 sociatus
477 2901 576 2978 labor,
593 2923 691 2986 qunrn
713 2840 901 2979 dubitarem,
921 2902 1020 2966 Conr.
1037 2905 1173 2968 Gesneri
1188 2906 1243 2970 Bi·

147 2988 337 3053 bliothecum
353 2987 514 3050 consului:
538 2988 598 3051 etsi
616 2989 695 3051 citra
716 2987 799 3065 illes,
817 3009 896 3070 quos
920 2988 1071 3064 recensui,
1089 3001 1243 3074 tunquam

147 3076 340 3149 remotiores,
356 3073 455 3135 aciem
478 3072 662 3136 intentionis
683 3072 850 3155 abruptam
874 3069 1044 3148 habuisset,
1060 3071 1118 3136 hos
1137 3088 1242 3140 tamen

148 3161 266 3236 obvios,
284 3172 353 3221 tum
369 3158 487 3244 utique,
504 3179 540 3221 ac
557 3158 796 3242 propinquiores
819 3155 962 3219 subtilius
982 3173 1176 3240 persecutum
1193 3182 1240 3224 ra·

146 3258 207 3316 tus.
252 3247 296 3308 At
310 3243 366 3306 illa
379 3265 430 3306 me
444 3266 464 3307 a
478 3242 582 3326 primo
605 3244 704 3327 magis
728 3240 893 3327 implicuit.
909 3263 981 3303 nam
1000 3241 1059 3304 sub
1076 3241 1168 3306 Beati
1183 3266 1241 3308 no·

147 3333 244 3409 mine,
257 3325 475 3394 annotationes
490 3328 653 3415 utriusque
666 3329 696 3391 in
711 3340 867 3390 exstantes
880 3326 963 3389 Livii
978 3325 1075 3390 libros
1086 3326 1239 3415 Lugduni

146 3439 286 3481 seorsum
304 3427 412 3480 narrat
426 3415 537 3478 exiisse
552 3437 636 3479 anno
651 3434 798 3489 maxtin
820 3412 878 3476 sub
889 3412 1093 3499 sigismundi,
1107 3414 1240 3482 Basileae
1301 3447 1309 3462 ·

147 3505 304 3585 cumipse
325 3501 427 3578 Livio,
444 3516 475 3565 et
497 3523 636 3565 seorsum
658 3497 808 3586 Lugduni
835 3519 967 3562 unsar:
990 3521 1088 3584 quum
1111 3499 1238 3567 interim

148 3587 326 3656 Glareanus
339 3610 411 3651 suas
427 3587 543 3650 Carolo
559 3586 598 3649 V.
612 3585 661 3650 Im
686 3586 801 3648 oratori
817 3584 1003 3649 inscriberet
1013 3605 1120 3663 noxa,
1133 3602 1164 3652 et
1179 3587 1239 3653 ibi·

146 3673 219 3738 dem
235 3674 376 3737 laudaret
391 3673 618 3738 Frobenianam
636 3608 805 3733 editionem
822 3692 916 3754 opera
931 3684 963 3734 et
976 3670 1139 3757 diligentia
1152 3673 1238 3737 Rhe·

143 3760 267 3824 nutriet
283 3759 407 3823 Gelenii
431 3757 554 3822 fultum.
600 3757 745 3822 Recurro
769 3755 808 3819 ud
831 3780 877 3832 ea,
894 3778 966 3842 quae
986 3755 1045 3819 sub
1067 3756 1134 3821 Titi
1154 3757 1238 3823 Livii

145 3845 275 3911 nomine
286 3846 377 3927 prius
386 3843 472 3908 lecta
486 3865 599 3927 parurn
615 3840 849 3905 satisfecerant:
873 3854 907 3905 et
925 3842 970 3903 ibi
992 3841 1118 3906 invenio
1132 3843 1237 3909 Deca·
1278 3885 1284 3891 -

144 3931 200 3995 des
214 3943 277 3994 tres
291 3953 363 3993 cum
379 3928 542 3992 dimidiata
565 3951 638 4003 una,
655 3950 726 3990 cum
749 3927 1020 3998 emendationibus
1035 3941 1066 3990 et
1080 3931 1237 3993 annotati·

144 4016 261 4081 onibus
285 4014 452 4078 doctorum
476 4013 686 4098 quorumdam
707 4013 848 4076 vinnam
869 4010 1008 4096 prolatus
1033 4035 1054 4076 a
1078 4012 1237 4078 Frobenio

141 4122 298 4173 mcxxxv.
344 4101 439 4164 Hunc
468 4099 476 4160 i
502 4099 566 4162 itur
594 4122 660 4162 esse
684 4098 819 4175 decrevi,
846 4118 941 4184 quam
971 4098 1173 4244 quaerebum:
1205 4114 1238 4166 et

143 4207 229 4264 punc
250 4187 364 4272 ipsum,
388 4186 465 4248 dum
514 4206 560 4248 aec
585 4185 698 4261 scriba,
714 4186 747 4249 in
769 4182 915 4248 auctione
938 4204 978 4245 vo
993 4204 1086 4247 umen
1113 4197 1235 4262 nactus,

142 4283 260 4359 prater
274 4270 539 4356 exspectationem
554 4269 657 4335 virleu.
704 4271 854 4421 {erasmus
870 4267 925 4333 hic
939 4290 1065 4356 quoquc
1079 4268 1112 4334 in
1127 4269 1236 4339 limina

668 4379 697 4424 Η
980 4369 985 4382 .
