2942 4750
306 200 364 254 mc
693 187 799 251 ΤΙΤΙ
832 184 968 247 Lll'll

143 377 175 436 ῃ,
186 386 213 435 c,
224 384 280 434 532
305 366 432 440 recepto
451 345 569 433 animo,
584 350 689 431 malle,
702 351 843 436 imperiis
864 350 929 416 auis
942 372 1007 416 non
1022 350 1276 437 obtemperatum
1289 347 1369 431 esse,

144 450 214 499 aa
227 450 280 499 Μ
306 461 405 529 quum
427 439 587 524 trepidans
607 457 727 522 gazam
740 439 774 500 in
795 458 883 502 mare
896 438 987 522 dejici
1006 436 1115 515 Pellae,
1131 436 1369 504 Thessalonica

306 527 430 594 navalia
445 528 582 612 jusserat
602 522 739 585 incendi.
783 523 997 603 Andronicus,
1012 521 1272 587 Thessalonicam
1294 523 1370 588 mis

306 637 370 690 sus,
396 625 537 675 traxerat
558 621 693 691 tempus,
718 608 780 671 ”id
803 610 906 693 ipsum
927 608 1013 694 quod
1033 609 1154 685 accidit,
1170 608 1372 693 peanitentiae

305 700 486 798 relinquens
507 695 624 757 locum.
647 694 804 757 incautior
827 693 935 790 Nicias
951 693 1056 795 Pellae·
1072 694 1268 780 projiciendo
1281 698 1372 844 {nze-

306 778 1081 932 i⁰⁰¹⁸isiiii⁰⁰iisqls⁰if⁰iiiwilliboldi
1092 800 1297 929 iirtzu
1311 801 1372 929 „¹2

307 890 443 1018 tihnhtum
458 887 910 1099 est.ptantusqrieqpudoi)ereqi
931 951 1056 1035 pavoris
1077 952 1144 1035 ejus
1159 951 1229 1028 fuit,
1244 962 1281 1013 ut
1304 950 1372 1013 uri·

306 1055 433 1103 natores
454 1038 535 1102 clam
559 1037 693 1100 interfici
709 1037 856 1121 jusserit3
900 1036 993 1100 einde
1006 1036 1225 1100 Andronicum
1243 1057 1373 1121 quoque

145 1134 229 1181 Varia
240 1146 280 1179 ur-
307 1138 339 1189 et
355 1124 480 1200 Nician,
496 1146 538 1185 ne
552 1123 623 1206 quis
639 1138 703 1186 tam
724 1123 880 1186 dementis
894 1122 1019 1206 imperii
1034 1122 1178 1188 conscius
1192 1122 1372 1186 exsisteret.

144 1195 298 1308 magn}
309 1212 397 1276 lnter
411 1210 480 1273 baec
496 1209 534 1272 C.
551 1208 705 1283 Marcius,
720 1230 793 1271 curn
813 1208 911 1272 classe
931 1207 972 1272 ab
993 1206 1151 1272 Heracleo
1166 1205 1374 1271 Thessaloni-

146 1331 213 1373 aaa.
307 1318 377 1361 cam
392 1295 562 1379 profectus,
579 1308 611 1357 et
625 1315 737 1380 agrum
758 1294 904 1378 pluribus
924 1292 1012 1369 locis,
1027 1294 1178 1377 expositis
1198 1313 1257 1376 per
1278 1293 1374 1357 litora

307 1382 448 1460 armatis,
478 1384 540 1443 late
571 1381 712 1456 vastavit,
735 1392 768 1443 et
793 1392 1013 1462 procurrentes
1040 1380 1080 1442 ab
1110 1378 1198 1455 urbe,
1225 1377 1373 1442 secundis

307 1468 428 1552 aliquot
456 1465 590 1551 proeliis,
615 1466 755 1549 trepidos
785 1465 869 1529 intra
896 1465 1017 1528 moenia
1046 1464 1208 1547 compulit.
1240 1464 1374 1549 jamque

307 1554 368 1639 ipsi
394 1552 466 1616 urbi
492 1550 639 1614 terribilis
665 1564 743 1627 erat,
766 1552 911 1632 “quum,
939 1549 1097 1634 dispositis
1119 1549 1230 1612 omnia·
1246 1550 1374 1635 generis

307 1638 484 1713 tormentis,
509 1658 572 1698 non
596 1636 667 1722 vagi
692 1636 789 1699 ruodo
810 1638 894 1700 circa
916 1657 1035 1715 muros,
1059 1647 1176 1698 temere
1199 1635 1373 1719 adpropin-

307 1737 451 1811 quantes,
482 1723 536 1784 sed
570 1721 663 1783 etiam
686 1723 741 1807 qui
772 1722 806 1784 iu
833 1720 965 1785 navibus
985 1733 1086 1797 erant,
1109 1720 1194 1783 saxis
1213 1732 1376 1785 tormento

308 1809 515 1874 emicantibus
536 1807 835 1889 ”percutiebantur
891 1807 1059 1871 Revocatis
1090 1805 1187 1890 igitur
1214 1807 1248 1869 in
1276 1826 1373 1870 nares

308 1895 471 1974 militibus,
497 1892 674 1977 omissaque
703 1892 938 1955 'l‘hessalonicae
970 1891 1218 1979 obpugnatione,
1240 1888 1375 1956 AEuiam

307 1977 384 2041 inde
404 1993 526 2062 petunt.
557 1977 738 2063 quindecim
761 1977 860 2044 millia
879 1999 1028 2063 passuum
1043 1999 1081 2041 ea
1095 1975 1171 2040 urbs
1194 1979 1293 2053 abest,
1317 1976 1376 2041 ad·

307 2084 418 2127 versus
450 2063 593 2147 Pydnam
622 2064 735 2147 posita,
765 2062 860 2126 fertili
888 2085 975 2148 agro.
1035 2062 1225 2126 Perrastatis
1256 2061 1375 2127 finibus

309 2150 386 2234 ejus,
404 2149 541 2233 legentes
559 2170 658 2228 oram,
674 2149 888 2236 Antigoneam
910 2148 1108 2233 perveniunt.
1131 2148 1185 2225 ibi,
1207 2150 1324 2235 egressi
1338 2149 1374 2213 in

308 2248 436 2312 terram,
464 2234 566 2317 primo
597 2248 628 2298 et
654 2246 816 2299 vastarunt
844 2255 936 2321 agros
964 2233 1090 2318 passim,
1114 2248 1146 2297 et
1175 2232 1374 2318 aliquantum

307 2322 428 2406 praedoe
444 2321 646 2386 coutulerunt
661 2321 700 2385 ad
718 2343 822 2385 naves.
844 2321 917 2385 dein
938 2322 1059 2405 palatos
1074 2340 1127 2383 eos
1140 2318 1246 2384 adorti
1261 2318 1373 2385 Mace—

308 2406 417 2487 dones,
439 2407 532 2471 mixti
556 2407 678 2492 pedites
704 2408 896 2493 equitesque,
918 2406 1072 2493 fugientes
1097 2404 1195 2470 effuse
1219 2405 1260 2469 ad
1285 2427 1374 2473 mare

307 2494 473 2579 persecuti,
496 2494 686 2579 quingentos
706 2493 806 2557 ferme
827 2491 1023 2569 occiderunt,
1035 2502 1068 2555 et
1081 2512 1147 2557 non
1161 2492 1266 2555 miuus
1280 2513 1372 2577 cepe-

307 2591 394 2641 runt.
441 2579 509 2639 Nec
524 2578 619 2650 aliud,
635 2600 730 2661 quarn
747 2579 860 2647 ultima
881 2578 1058 2652 necessitas,
1071 2597 1169 2662 quum
1184 2578 1324 2661 recipere
1338 2599 1373 2641 se

308 2675 379 2726 tuto
394 2661 433 2722 ad
449 2681 544 2721 naves
566 2660 819 2741 prohiberentur,
836 2664 957 2725 animos
980 2661 1116 2726 militum
1139 2662 1370 2741 Romanorum,

308 2744 405 2807 simul
426 2742 645 2826 desperatione
665 2745 727 2807 alia
748 2746 868 2823 salutis,
884 2746 978 2811 simul
1004 2745 1202 2834 indignitate,
1225 2747 1372 2814 irritavit.

311 2827 541 2911 Redintegrata
556 2828 588 2889 in
604 2827 696 2891 litore
717 2852 826 2915 pugna
847 2833 1073 2917 est-adjuvere
1092 2846 1135 2909 et,
1157 2834 1212 2917 qui
1234 2833 1268 2895 in
1283 2835 1373 2898 navi·
1459 2842 1460 2847 ’

252 2924 255 2930 “
308 2913 370 2978 bus
392 2925 491 2977 erant
538 2912 587 2976 lbi
615 2913 831 2987 Macedonum
850 2915 978 2983 ducenti
1000 2919 1098 2982 ferme
1118 2918 1209 2993 creai3
1230 2939 1290 3002 par
1312 2939 1374 2983 nu·

309 3021 416 3063 merus
437 3009 556 3082 captus.
611 2998 662 3061 Ab
685 3000 868 3087 Antigonea
895 3004 1002 3067 classis
1022 3002 1173 3087 profecta,
1196 3002 1238 3066 ad
1259 3025 1375 3087 agrum

310 3084 532 3151 Pallenensem
556 3085 793 3149 exscensiouem
808 3086 850 3150 ad
869 3090 1088 3173 populandum
1112 3086 1197 3154 fecit.
1243 3088 1375 3155 Finium

261 3196 263 3201 ·
309 3173 427 3255 isager
443 3170 721 3234 Cassandrensium
744 3183 821 3250 erat,
839 3173 932 3261 longe
945 3174 1153 3239 fertilissimus
1171 3175 1273 3238 omnis
1294 3195 1375 3254 orae,

341 3338 374 3385 ss
387 3337 565 3399 murumque
580 3339 672 3394 scara,
685 3341 826 3400 mamae
857 3348 940 3389 amen
956 3344 1070 3403 mma,
1089 3343 1154 3402 quoa
1171 3338 1376 3402 mutaremus
1446 3320 1455 3345 ¹

308 3402 438 3462 πὶὰιᾳυιυ
452 3400 539 3463 loram]
554 3404 642 3449 Scabra
652 3404 775 3451 Gronoria
791 3407 826 3451 vi·
856 3408 1087 3460 murmurarem.
1103 3404 1288 3452 mandatam.
1421 3412 1432 3435 ·

308 3469 380 3515 detur
390 3468 443 3514 herc
458 3467 543 3520 oratio.
561 3481 609 3512 uon
626 3468 701 3513 nobis.
731 3468 827 3517 'Nulla
889 3469 920 3516 62
938 3468 1016 3524 Quam
1042 3468 1157 3530 elimentis
1182 3469 1257 3514 onmis
1279 3470 1377 3528 gama

307 3531 590 3583 trecassinensem
605 3530 631 3576 sn
646 3532 826 3591 ramanus
857 3531 987 3593 arma]
1006 3534 1047 3579 aa
1062 3533 1093 3579 us
1109 3533 1198 3592 qutun
1216 3533 1276 3577 uras
1293 3540 1374 3580 mc
1418 3522 1433 3540 '

307 3595 589 3640 membrorumordinem
598 3594 730 3642 inverteris.
747 3596 826 3655 †Poe·
858 3595 939 3642 'Tota
954 3596 1066 3655 paredus
1081 3595 1273 3645 beberevidetur
1280 3595 1377 3655 aliquid

308 3656 411 3701 attente
446 3657 573 3717 relinquens
604 3658 687 3713 bum,
725 3659 826 3719 idipsam
857 3660 952 3706 obscuri
975 3666 1073 3720 propter
1094 3660 1196 3707 nlmtsm
1217 3659 1374 3709 brevitatem.
1450 3704 1451 3707 ,

307 3716 825 3782 Μαωίᾱᾰι,ίάωι,ᾳυοᾱᾳυίἀοωίμυω
858 3723 1011 3770 Sensusest:
1025 3719 1127 3784 jamque
1138 3723 1185 3783 ipsi
1196 3722 1251 3768 urbi
1261 3724 1379 3775 territilia
1449 3750 1450 3753 =

307 3781 403 3835 accidit,
416 3795 503 3841 nempe
514 3791 541 3829 ut
552 3797 633 3843 regem
644 3786 776 3844 poeuiseret.
856 3792 916 3841 erat,
927 3796 1004 3847 quum
1020 3788 1100 3833 subito
1116 3791 1280 3833 mnrasaaest
1290 3800 1380 3834 mum
1449 3776 1450 3803 ¹

343 3844 1377 3911 ddPeesaioeportenr.qeodsacrutfaeias,dispoattissuparrsrbismuros
1448 3850 1449 3899 l

305 3908 399 3970 meras]
414 3910 611 3955 Etbunclocum
622 3911 823 3971 Gronoviuspnst
854 3916 989 3969 tormentis,
1000 3912 1377 3975 quibarsllamanhetinagris,
1447 3936 1448 3993 q

307 3972 502 4025 Freinshemium
528 3968 672 4032 conjecturis
698 3975 820 4021 wlhciut.
853 3977 1195 4039 etinipsisquoquenavibus
1205 3978 1378 4036 percutieban-
1446 4022 1447 4045 ,

307 4034 385 4084 Nobis
397 4036 563 4082 nihilvidetur
578 4048 629 4080 esse
645 4036 704 4081 vitiu
745 4038 820 4085 Pecs·
851 4046 898 4088 tur.
936 4043 1021 4105 ltaque
1041 4041 1156 4089 absistere
1177 4042 1275 4100 incepto
1292 4042 1376 4093 wiell

305 4100 353 4144 οὖα
373 4105 475 4160 Μαι,
500 4098 591 4144 scilicet
611 4097 637 4144 id
660 4097 719 4159 quod
734 4099 820 4161 suerat
850 4111 917 4151 nunt.
1372 4116 1378 4125 “
1440 4108 1446 4129 ⁴
