2942 4750
307 196 364 252 124
694 189 803 250 '1'1'1‘1
832 188 967 252 L1v11

143 376 278 429 ocean
306 350 445 439 Popillio
473 351 585 418 relicto
615 351 649 415 ia
679 350 824 416 custodia
840 351 922 439 jugi,
944 372 1002 436 per
1027 350 1112 415 iuris
1141 365 1365 439 transgressus,

141 442 283 492 Mllilv
305 439 483 524 praemissis,
505 438 560 524 qui
588 447 796 521 repurgarent
824 437 893 514 iter,
924 436 1068 502 Attalum
1094 447 1126 501 et
1151 436 1365 524 Misagenem,

303 545 378 590 cum
392 545 459 589 sues
472 523 574 608 gentis
591 533 762 607 utrumque
774 520 994 599 auxiliaribus,
1004 520 1153 605 presidio
1166 544 1232 586 esse
1246 522 1362 588 saltum

304 606 516 694 aperientibus
532 609 632 693 jubet.
654 607 731 690 ipse,
746 608 866 692 equites
886 607 1162 693 inpedimentaque
1175 628 1244 692 proe
1257 629 1291 671 sc
1304 605 1364 672 ha·

305 694 393 771 bens,
407 713 481 756 cum
495 692 673 778 legionibus
686 713 801 774 agmen
817 692 913 840 cogit.

144 810 279 857 meust„
339 777 387 843 V.
404 776 627 842 lnenarrebilis
637 776 728 840 labor
738 775 851 840 descen
875 776 1000 840 entibus
1012 797 1084 841 curn
1099 779 1365 863 ruinajumento-

143 869 265 923 ittam
305 884 377 927 rum
391 863 585 927 sarcinarum
610 884 660 926 ue.
697 860 875 944 Progressis
886 861 1016 925 viridum
1032 876 1169 947 quatuor
1181 863 1280 925 millia
1292 877 1365 945 pas-

304 969 397 1012 suum
419 948 499 1011 nihil
521 959 596 1032 opta
620 946 691 1010 ilius
712 968 790 1026 esse,
811 968 905 1033 quam
932 948 1045 1022 redire,
1068 969 1131 1047 qua
1153 959 1315 1022 venerant,
1338 948 1368 1013 si

394 1046 438 1096 nt.
484 1032 641 1096 Hostilem
656 1053 758 1116 prope
777 1032 947 1098 tumultum
969 1033 1087 1116 agmina
1105 1032 1263 1116 elephanti
1279 1053 1364 1116 prae·

345 1119 438 1182 bantz
461 1116 526 1202 qui,
542 1117 596 1181 ubi
611 1116 652 1180 ad
667 1117 753 1180 invia
767 1129 928 1193 venerant,
945 1117 1073 1202 dejectis
1088 1116 1271 1188 rectoribus,
1287 1137 1363 1182 oum

302 1202 463 1267 horrendo
484 1203 618 1267 stridore
638 1222 789 1283 perorem
810 1202 980 1288 ingentem,
997 1202 1087 1286 equis
1109 1204 1254 1278 nrsxirne,
1272 1202 1364 1265 incu-

302 1288 432 1365 tiebant,
448 1287 549 1353 donoc
569 1286 754 1352 traducendi
768 1288 916 1356 onerario
930 1287 1009 1350 inita
1023 1302 1082 1351 est.
1128 1287 1190 1350 Per
1209 1279 1362 1371 proclive,

302 1377 435 1437 ”sumto
457 1373 592 1459 fastigio,
606 1372 695 1459 longi
708 1371 774 1435 duo
789 1370 881 1435 validi
902 1393 1018 1435 asseres
1039 1392 1082 1435 ex
1102 1371 1250 1436 inferiore
1271 1384 1363 1455 parte

302 1458 336 1521 in
362 1470 447 1524 terra
467 1457 694 1544 deligebantur,
716 1456 866 1520 distantes
887 1456 970 1520 inter
990 1478 1024 1520 se
1043 1457 1153 1541 paullo
1166 1459 1247 1540 plus,
1263 1478 1361 1542 quana

303 1556 421 1643 quanta
442 1541 556 1607 belluae
577 1542 713 1606 latitudo
734 1555 790 1605 ost.
818 1542 853 1604 in
881 1564 935 1605 eos
957 1543 1125 1605 transversi
1145 1544 1363 1606 incumbentes

303 1628 394 1715 tigni,
410 1627 451 1691 ad
466 1628 601 1691 tricenos
616 1628 703 1713 longi
722 1626 829 1710 pedes,
844 1640 881 1689 ut
894 1648 974 1708 pons
988 1638 1078 1704 esset,
1094 1625 1366 1712 injungebanturr

302 1712 484 1799 humusque
505 1713 633 1795 insuper
653 1712 863 1795 injiciebstur.
887 1711 1014 1775 modico
1034 1711 1149 1776 deinde
1163 1712 1248 1775 inira
1263 1714 1363 1776 inter·

303 1797 386 1862 vallo
396 1797 505 1863 similis
515 1797 595 1862 alter
603 1817 697 1882 pons:
713 1797 813 1861 deins
827 1796 949 1873 tertius,
958 1809 990 1860 et
999 1796 1104 1879 plures
1115 1819 1155 1860 ex
1165 1798 1286 1873 ordine,
1298 1819 1363 1883 qua

302 1904 398 1967 rupes
411 1882 569 1948 ”abscisse
582 1894 682 1958 erant,
697 1881 826 1946 fiebant.
858 1880 967 1946 Solido
981 1881 1173 1965 procedebat
1185 1881 1313 1966 elephas
1327 1881 1363 1946 ln
1433 1895 1439 1910 ·

301 1979 452 2050 pontem:
475 1969 563 2053 cujus
586 1967 771 2053 priusquam
793 1967 825 2029 in
847 1977 1023 2031 extremum
1033 1966 1233 2066 procederet,
1254 1968 1369 2032 ”sub-'

302 2052 373 2115 ciris
388 2053 541 2116 asseribus
554 2052 723 2134 conlapsus
780 2072 827 2127 ns,
844 2072 944 2136 usque
956 2050 1084 2115 alterius
1098 2051 1223 2116 initium
1242 2055 1361 2135 pontis,

301 2134 427 2220 prolabi
441 2158 514 2200 eurn
528 2137 640 2201 leniter
653 2072 797 2222 oogeddt.
818 2134 871 2199 alii
885 2136 912 2198 el
979 2137 1045 2201 anti
1126 2138 1196 2201 lbus
1214 2137 1362 2202 insisten-

302 2235 358 2296 tes,
374 2221 426 2286 alii
447 2221 594 2287 clunibus
615 2220 821 2297 subsidentes,
849 2220 938 2304 prola
976 2221 1100 2287 bantur.
1132 2223 1185 2285 ubi
1207 2221 1363 2321 planicies

302 2305 402 2371 altera
422 2308 527 2392 pontis
548 2307 722 2393 excepisset
742 2327 808 2384 eoa,
832 2327 942 2371 rursus
965 2307 1060 2370 simili
1086 2306 1178 2371 ruine
1205 2308 1364 2372 inferioris

302 2394 408 2478 pontis
426 2391 658 2470 deferebantur,
674 2391 778 2458 donoc
798 2392 839 2456 ad
860 2393 1033 2478 aequiorem
1047 2392 1159 2457 vallem
1174 2405 1362 2477 perventum

302 2491 359 2542 est.
402 2485 423 2517 '⁴
433 2477 544 2544 Paullo
557 2479 629 2562 plus
643 2491 763 2563 septem
784 2477 886 2543 millia
898 2477 949 2542 die
965 2478 1105 2543 Romani
1119 2492 1340 2563 processerunt
1348 2504 1360 2560 ς

302 2564 468 2629 minimum
496 2562 632 2646 pedibus
658 2565 780 2627 itineris
807 2560 997 2628 confectum.
1024 2563 1213 2648 plerumque
1234 2565 1364 2647 provol-

301 2658 410 2709 ventes
437 2667 471 2709 se
498 2646 592 2709 simul
614 2665 688 2708 curu
712 2646 810 2709 ermis
834 2647 965 2731 aliisque
992 2649 1150 2727 oneribus,
1176 2668 1249 2712 cum
1272 2651 1363 2715 omni
1400 2674 1417 2703 ο

300 2749 419 2817 genere
437 2729 622 2805 vexationis,
650 2741 888 2812 processerunt:
919 2730 1001 2795 adeo
1024 2744 1061 2796 ut
1082 2755 1123 2797 ne
1143 2734 1211 2797 dux
1231 2733 1362 2818 quidem

301 2826 335 2877 et
357 2821 469 2877 auctor
494 2811 614 2876 itineris
637 2811 841 2889 inficiaretur,
866 2835 964 2897 parva
985 2837 1084 2883 mann
1108 2817 1205 2883 deleri
1232 2839 1362 2885 ornnem

301 2896 480 2963 exercitum
492 2895 641 2980 potuisse.
676 2894 780 2962 Nocte
793 2899 834 2962 ed
847 2898 1005 2966 modicam
1020 2903 1188 2988 planiciem
1209 2924 1364 2987 perreue-

302 2994 394 3049 ruat:
416 3003 529 3069 neque,
545 3001 585 3045 au
605 2979 735 3048 infestus
749 2983 777 3048 is
790 2983 879 3048 locus
899 2999 989 3066 esset,
1004 3000 1112 3074 septus
1131 2988 1282 3075 undique,
1298 2992 1363 3055 cir·

665 3098 768 3151 bdelnl.
781 3101 916 3152 ladsGroru
928 3104 997 3154 (ξιον.

332 3204 362 3253 21
379 3203 477 3264 Sumpta
481 3202 594 3268 sutlglo]
603 3203 682 3267 Longi
692 3207 815 3254 duossss·
846 3215 948 3258 rectum.

299 3267 815 3317 tulatusndrersimodicslncllmtloas
877 3272 909 3321 ἥ
925 3270 1038 3338 Alelen]
1053 3274 1141 3323 Extis
1156 3281 1181 3322 et
1196 3274 1361 3323 eaedodtrer·
1446 3270 1454 3295 ¹

299 3329 541 3377 dsmlsdsecrrndum
552 3333 699 3392 superiorem
709 3341 813 3395 prtem,
845 3336 905 3383 bum
920 3338 1017 3393 aboeldo,
1033 3338 1127 3391 adeetdl,
1142 3338 1259 3385 olselm
1292 3339 1364 3386 Mar-
1424 3362 1433 3385 ι

299 3392 326 3439 in
342 3397 447 3439 temes
462 3394 573 3440 inferiore
591 3402 659 3455 parte
677 3397 814 3458 defigeban-
845 3400 1086 3462 tlslls,l.lll.eplgr.
1099 3401 1138 3448 66.
1159 3399 1265 3450 Almo
1282 3402 1362 3449 uhu

299 3461 347 3502 tur·
378 3453 426 3502 llic
433 3455 563 3518 fastigium
578 3458 813 3520 intelllglturellvsa,
844 3464 905 3508 enrla
920 3467 1014 3523 utaque
1031 3477 1113 3511 moror.
1152 3464 1265 3511 Absclrtdo
1281 3466 1363 3512 diver-

298 3522 425 3579 proptera
442 3520 538 3579 quoda
554 3522 613 3581 quid
628 3524 654 3568 in
669 3523 761 3570 divum
772 3526 813 3571 de·
845 3538 900 3571 sum
919 3532 957 3572 est
976 3529 1085 3581 rabum,
1105 3528 1161 3574 lieet
1180 3524 1289 3588 ejusdem
1309 3529 1361 3575 sese

298 3593 388 3647 roxum
403 3588 449 3637 est,
466 3583 531 3629 idem
541 3592 566 3630 er
576 3586 602 3630 in
616 3586 742 3647 fasdglum
757 3600 814 3634 coa·
844 3601 937 3635 oensns
964 3591 1046 3650 Atque
1056 3587 1131 3652 hujus
1148 3592 1246 3651 quidem
1263 3592 1362 3652 prud-

298 3644 453 3692 trsrlosensu
472 3649 590 3708 assurgit:
613 3651 699 3695 eadem
714 3650 813 3697 ferere·
843 3651 913 3711 plum
934 3652 1043 3701 sordem
1065 3654 1215 3713 frequentius
1237 3666 1303 3700 nunc
1322 3668 1362 3700 oe-
1404 3668 1413 3686 1

297 3706 372 3760 tione,
388 3721 438 3768 qua
455 3709 530 3756 arasa
548 3718 573 3758 et
590 3711 737 3773 profundum
758 3727 812 3773 pro·
844 3716 919 3761 currit
935 3716 960 3761 in
979 3718 1057 3762 editis.
1085 3719 1120 3762 At
1137 3719 1247 3763 observet
1264 3718 1359 3763 Grono-

296 3772 389 3819 mlscue
405 3780 559 3831 ustrrpsntur.
591 3775 676 3834 ltaque
694 3777 729 3821 illi
748 3789 811 3823 asse
842 3778 896 3825 vius
907 3779 957 3825 lere
963 3781 1052 3840 ubique
1060 3781 1085 3826 iu
1097 3781 1195 3840 optimis
1205 3788 1229 3825 et
1241 3781 1360 3841 antiquis·

295 3848 335 3883 !oe
355 3835 505 3896 intelligendi
532 3844 589 3884 mat
616 3839 733 3897 triquetra
761 3840 811 3885 l'ere
842 3841 911 3886 rimis
921 3843 1043 3889 codicibus
1053 3844 1101 3902 legi
1111 3843 1216 3888 anselm

294 3899 375 3947 suma
391 3899 476 3954 fulua,
492 3900 527 3946 ita
537 3907 589 3946 ute
600 3901 678 3946 tribus
695 3902 810 3948 lateribrn
873 3904 1358 3969 23⁸Sacoesssasaerttas1stvemsnm

294 3975 373 4011 unum
384 3975 427 4022 per
442 3963 547 4022 proclive
564 3963 760 4022 porrigereturst
770 3977 809 4010 ac·
839 3967 930 4013 fulcris.

293 4025 425 4073 ᾱίωοῐιπ
443 4027 578 4072 secundum
599 4033 726 4078 montena
750 4027 810 4072 alts-
872 4029 905 4077 24
925 4030 1003 4077 Panlo
1019 4032 1075 4092 pter
1095 4035 1180 4092 septem
1206 4033 1282 4078 odilla
1308 4032 1346 4079 dle

292 4098 359 4142 rum,
370 4101 458 4148 nempe
468 4089 587 4147 superius,
598 4088 692 4133 modice
708 4088 809 4135 inclina·
842 4091 889 4137 Per
898 4094 973 4146 diem,
985 4102 1010 4140 et
1020 4096 1151 4155 opponitur
1161 4097 1195 4155 οξ
1204 4100 1275 4147 noete,
1291 4109 1327 4156 qu

293 4154 347 4194 tum
363 4156 470 4197 esseest
489 4151 808 4211 leplfastlgioderexumr
841 4157 1101 4218 seqniturpsuloposu
1130 4158 1361 4220 ltaquenlhllopus

293 4210 393 4256 tertium
408 4214 537 4272 dsalquee
550 4216 809 4273 terra,inquaeain·
840 4224 877 4262 est
893 4220 933 4265 hle
954 4221 1059 4267 lumem
1079 4235 1105 4267 eo
1126 4230 1184 4268 aurs
1205 4234 1290 4268 vocem
1312 4222 1361 4277 dle,

292 4270 809 4338 raimpuudesgsnaur,assuagerettn
840 4283 905 4339 quod
914 4283 1179 4333 vohthronorlus.
