2942 4750
561 213 839 275 PRAEFATIO.
1183 217 1249 275 cxix

155 376 304 441 Muretus
317 374 380 439 alia
398 375 588 440 crateribus
609 375 699 441 lsssris
720 388 841 458 notata,
860 374 926 440 alia
945 374 1141 441 divinatione
1160 376 1250 440 colli·

153 482 242 549 gens,
259 460 357 548 signis
371 461 532 545 appositis,
549 461 635 526 unde
655 462 799 550 dignosci
820 473 959 546 possent,
981 461 1021 525 ad
1044 462 1248 549 Sigonianam

152 546 291 632 primam
306 547 492 631 conjecerat,
508 569 545 609 ea
563 546 693 611 Petrum
709 550 866 611 meletatis
879 547 957 611 Jesu
972 568 1045 633 quae
1062 547 1176 611 llomoe
1190 562 1247 625 est,

153 630 323 695 voluminis
338 631 553 711 dominorum,
574 631 777 709 humanitati,
798 647 831 696 et
851 631 1004 718 singulari
1025 632 1130 697 officio
1152 632 1250 696 Gudii
1345 670 1349 677 ·

6 750 21 773 ι
56 714 67 734 ’
154 715 267 805 debeo,
313 716 376 781 Sed
399 731 431 780 et
452 716 662 802 Tanaquillus
686 719 790 782 Faber
814 716 973 782 Salmurio
994 717 1167 782 miniatulis
1187 719 1251 781 suis

153 801 257 866 missis
278 824 395 865 munus
414 815 557 864 nostrum
578 802 745 880 insigniter
763 802 898 866 ornavit.
942 801 1109 884 Epitomss
1130 803 1251 868 Barbe-

153 889 245 966 rinoe,
267 887 442 965 Vossianae,
459 898 492 949 ct
514 885 599 950 binas
622 886 722 952 Gudii
746 886 940 951 membranas
960 888 1122 972 juverunt.
1169 888 1251 953 Hasc

17 1032 33 1055 ,
153 971 243 1037 fuere
258 974 370 1056 coeptis
386 972 463 1035 meis
476 972 642 1056 prasidio:
667 995 740 1056 quas
755 972 831 1036 dum
854 974 1019 1058 conquiro,
1035 973 1134 1049 rides,
1151 974 1252 1038 amice

153 1056 265 1134 lector,
287 1080 360 1143 quas
380 1058 506 1122 vincula
528 1058 645 1135 subire,
661 1073 817 1143 quantum
837 1058 912 1120 aeris
934 1056 1149 1143 alicuiquam
1169 1058 1252 1123 diffi-

155 1145 257 1207 culter
286 1159 380 1229 atque
406 1165 495 1231 agre
523 1142 738 1230 expungendi,
769 1143 958 1208 contrahere
985 1164 1037 1206 me
1065 1146 1251 1225 oportuerit.

157 1227 223 1295 sed
236 1229 314 1292 adso
331 1251 381 1292 ms
402 1226 552 1303 stimulat,
567 1228 694 1305 fodient,
709 1229 835 1293 vellicat
855 1230 978 1293 infinita
1000 1228 1146 1314 quoedam
1163 1231 1252 1314 cupi-

156 1313 238 1379 ditas
259 1313 435 1378 litterarum
458 1313 716 1390 excolendum,
746 1325 790 1389 ut,
815 1313 900 1378 unde
921 1312 963 1377 Τ.
986 1314 1070 1381 Livii
1090 1315 1253 1379 sincerita-

156 1410 276 1463 temet
300 1399 487 1483 dignitatem
517 1383 638 1484 adgeri,
668 1399 755 1461 unde
782 1397 959 1482 periculum
987 1398 1048 1462 hoc
1070 1400 1252 1484 apparatius

156 1484 249 1562 effici,
265 1499 298 1548 et
311 1484 375 1547 tuis
387 1484 499 1547 studiis
519 1483 637 1570 aliquid
660 1483 830 1547 utilitatum
854 1482 956 1547 afferri
980 1505 1071 1568 posse
1085 1485 1253 1568 opinabar,

156 1569 239 1635 nihil
253 1568 434 1633 recusarint.
479 1568 590 1644 Quare
604 1571 696 1633 etiarn
712 1568 814 1632 libens
828 1592 866 1633 ac
882 1567 1009 1653 prolixo
1023 1568 1140 1645 animo,
1156 1580 1254 1655 quot·

157 1667 236 1742 quot
250 1655 312 1718 hoc
328 1654 481 1718 beneficio
497 1677 546 1718 me
561 1655 735 1729 obnoxium
760 1670 868 1719 tenere
890 1655 973 1724 viros
988 1653 1173 1730 honoribus,
1188 1655 1254 1716 rir-
1320 1656 1325 1666 “

156 1739 289 1817 tutibus,
302 1739 480 1803 eruditione
494 1763 531 1804 sc
546 1741 670 1825 scriptis
680 1739 934 1803 eminentissimis
947 1741 1061 1801 merito
1072 1739 1252 1823 praedicavi,

157 1826 196 1890 ils
209 1825 263 1889 hic
277 1825 403 1909 publice
417 1847 456 1889 eo
471 1825 598 1889 nomine
613 1825 723 1890 laudes
737 1838 904 1912 gratesque
922 1846 1001 1912 agos
1024 1837 1065 1900 et,
1081 1824 1107 1887 si
1122 1822 1198 1909 quid
1213 1845 1254 1890 cx

159 1910 314 1977 sententia
336 1910 437 1988 cessit,
453 1933 519 1974 non
540 1923 605 1975 tam
627 1911 731 1976 labori
755 1933 836 1989 meo,
858 1912 913 1996 qui
938 1924 1099 1994 utcunque
1120 1930 1255 1996 gnavus,

159 2017 225 2060 non
240 2008 344 2069 tamen
360 1997 430 2082 pari
444 1997 573 2083 ingenio
588 1998 731 2061 doctrina
755 2019 794 2060 ue
816 2006 1006 2059 sustentatus
1019 1993 1090 2073 fuit,
1105 2016 1202 2081 quam
1216 1994 1254 2067 il·

158 2084 263 2147 lorum
277 2083 379 2167 copiis
392 2095 424 2146 ct
436 2082 625 2230 berffnitui
640 2019 883 2146 adscrilscndum
899 2079 1059 2158 profiteor,

202 2164 291 2245 Vale,
307 2182 341 2232 ct
354 2167 468 2231 nostris
525 2166 598 2244 usis,
614 2166 691 2237 dum
707 2167 832 2241 frueris,
848 2164 928 2237 fsvs,
