2942 4750
408 200 461 261 Ll
469 198 503 261 B.
523 198 634 260 XLIV.
662 197 765 260 CAP.
787 197 886 258 XXX.
1122 204 1179 260 149,

21 408 67 502 Γ
111 360 223 428 urbem
249 362 409 448 petebant
455 364 529 441 Sed,
559 364 691 450 propius
719 363 832 427 urbem
859 358 956 425 lembi
984 379 1210 446 accessuquera
1223 380 1316 429 cosa

168 449 324 550 ‘modiore
351 472 449 537 qaum
488 451 706 533 exposuissent
737 461 885 523 armatos,
915 448 1031 530 partim
1060 447 1093 509 in
1122 446 1250 512 vias-⁰·
1265 445 1318 494 ¹⁶⁸

68 453 263 620 wentae
279 535 392 599 Gallos
406 536 513 620 adepti
536 535 730 600 Macedones
752 535 945 608 ceciderunt,
963 534 1078 615 partim
1101 543 1171 595 ante
1226 563 1231 572 ·

151 631 232 682 rtam
255 621 408 687 exclusos.
430 622 607 686 clauserant
625 622 709 684 enim
732 620 805 683 Chii
828 633 965 703 portam,
988 619 1100 703 ignari,
1117 618 1173 702 qui

122 719 264 791 agerent,
280 721 336 770 aut
357 722 570 793 sequerentur.
616 707 801 790 Octingeuti
816 705 913 768 ferme
935 704 1103 768 Gallorum
1120 725 1173 767 oc·

108 790 174 868 cisi,
188 790 320 856 ducenti
335 795 395 856 vivi
418 794 519 878 capti:
544 794 626 877 equi,
643 814 717 875 pars
739 793 772 854 in
796 792 886 867 mari,
901 790 1007 853 fractis
1030 788 1171 866 navibus,

107 874 264 952 absumti3
287 880 401 961 partim
423 883 566 942 ”rrervos
588 878 793 942 subsiderunt
807 877 839 939 in
855 876 948 939 litore
967 874 1171 939 Macedones.

106 962 221 1048 viginti
247 964 373 1028 eximias
398 987 496 1050 equos
520 965 631 1027 formae
654 985 727 1027 cum
753 963 882 1047 captivis
910 960 1036 1025 eosdem
1060 960 1172 1024 decem

106 1046 241 1122 lembos,
266 1070 345 1133 quos
366 1067 439 1114 ante
466 1050 604 1123 miserat,
622 1052 768 1113 Antenor
790 1046 943 1111 devehere
966 1046 1172 1112 Thessaloni·

106 1155 177 1200 cam
199 1135 306 1218 jussit,
328 1148 360 1200 et
379 1138 484 1219 primo
506 1158 632 1220 quoque
657 1148 800 1218 tempore
821 1134 862 1198 ad
885 1137 1012 1198 classem
1036 1134 1170 1196 reverti:

108 1218 229 1283 Phanis
251 1243 283 1283 se
310 1243 363 1285 eos
392 1235 657 1306 exspectaturum.
702 1219 861 1283 'l'riduum
884 1219 980 1282 ferme
1002 1218 1108 1282 classis
1129 1217 1170 1281 ad

106 1304 219 1369 urbem
243 1309 339 1371 stetit.
375 1307 512 1391 *Phanas
534 1307 609 1370 inde
629 1307 788 1392 progressi
811 1320 894 1381 sunt,
911 1318 951 1379 et,
968 1326 1022 1386 spe
1038 1305 1170 1368 celerius

108 1393 242 1456 reversis
266 1391 374 1457 decem
400 1392 522 1475 lembis,
544 1396 644 1458 erecti
668 1392 775 1478 AEgeo
797 1390 878 1454 mari
900 1389 1017 1454 Delum
1041 1392 1171 1475 trajece-

108 1493 190 1542 runt.

117 1609 120 1614 ·
148 1565 279 1629 XXIX.
303 1565 392 1630 Duru
420 1563 492 1628 brec
520 1578 685 1648 geruntur,
708 1563 805 1652 legati
829 1563 975 1638 Romani,
1000 1563 1036 1628 C.
1060 1562 1265 1649 Popil·1.egrtt

105 1647 175 1728 lius,
191 1661 245 1715 et¹
262 1650 299 1715 C.
316 1651 493 1730 Decimius,
515 1663 547 1715 et
571 1654 609 1715 C.
627 1652 793 1727 Hostilius,
809 1673 829 1714 a
851 1650 1002 1715 Chalcide
1025 1649 1168 1734 proiecti,
1179 1645 1250 1690 Ποῦ»
1262 1643 1332 1689 ¹³³³·

107 1734 207 1800 tribus
229 1737 510 1821 quinqueremibus
533 1737 650 1801 Delum
673 1759 772 1821 quum
791 1739 961 1813 venissent,
983 1735 1104 1798 lembos
1125 1707 1311 1799 ibi⁸¹²¹⁸D⁰¹“

106 1820 320 1887 Macedonum
342 1825 559 1911 quadraginta,
575 1838 606 1888 et
632 1827 772 1909 quinque
795 1824 879 1909 regis
901 1821 1056 1885 Eumenis
1079 1820 1171 1905 quin·

104 1928 267 1991 queremes
282 1908 477 1973 invenerunt.
525 1908 681 1973 Sanctitas
708 1911 818 1993 templi
844 1907 1019 1991 insulaque
1042 1906 1171 1970 inviola-

106 2004 154 2055 tos
168 1994 341 2077 praestabat
362 2017 482 2060 omnes.
528 1996 641 2081 ltaque
658 1996 808 2080 permixti
826 1994 1028 2078 Romanique
1049 2007 1081 2057 et
1096 1991 1171 2058 Ma·

105 2078 240 2144 oedones
264 2094 297 2144 et
313 2080 464 2145 Eumenis
489 2082 614 2146 navales
628 2082 706 2146 socii
727 2082 760 2144 in
787 2081 916 2166 templo,
934 2079 1075 2144 inducias
1096 2079 1170 2144 reli-

105 2162 201 2238 aione
222 2166 285 2229 loci
311 2166 482 2248 praebente,
508 2169 725 2231 versabantur.
771 2168 927 2244 Antenor,
958 2166 1064 2230 Persei
1087 2188 1171 2251 praa·

104 2246 216 2328 fectus,
231 2272 332 2333 quum
352 2253 473 2336 aliquas
487 2252 577 2315 loalto
591 2252 734 2335 praeferri
755 2254 913 2318 onerarias
933 2274 1031 2316 naves
1044 2275 1085 2316 ex
1101 2273 1173 2335 ape-

22 2363 23 2379 *
102 2333 186 2403 culis
215 2334 426 2417 significatum
453 2340 545 2412 foret,
576 2351 667 2420 parte
695 2334 874 2403 lemborum
901 2339 968 2419 ipse
991 2338 1171 2419 insequens,

103 2432 199 2503 parte
214 2440 270 2500 por
287 2417 442 2501 Cycladas
461 2421 621 2501 disposita,
638 2434 850 2502 praeterquam
874 2422 900 2483 si
924 2441 996 2501 quaa
1020 2418 1173 2482 Macedo-

102 2504 194 2568 niam
210 2514 367 2585 peterent,
382 2525 493 2567 omnes
509 2517 563 2567 aut
578 2502 806 2587 subprimebat,
823 2517 878 2569 aut
898 2502 1054 2587 spoliabat
1069 2524 1173 2566 naves.

102 2593 122 2625 ⁶¹
136 2589 254 2675 quibus
268 2603 403 2673 poterat,
423 2589 578 2673 Popillius
597 2603 654 2653 aut
671 2588 824 2654 Eumenis
839 2612 932 2654 naves
947 2588 1172 2654 subcurrebat:

48 2714 57 2733 .
101 2677 190 2739 ⁸¹sed
214 2675 296 2739 vecti
317 2688 410 2739 nocte
432 2675 514 2738 binis
529 2689 582 2739 aut
599 2675 696 2740 ternis
717 2673 905 2761 plerumque
925 2675 1037 2739 lembis
1060 2674 1170 2740 Mace·

103 2760 204 2827 dones
218 2759 379 2827 fallebant.
424 2761 489 2825 Per
502 2760 534 2824 id
551 2761 613 2825 lere
629 2776 753 2844 tempus
776 2760 869 2847 legati
884 2763 1076 2826 Macedones
1092 2762 1171 2848 llly-

103 2847 207 2932 riique
221 2847 314 2910 simul
332 2846 485 2911 Rhodum
501 2860 665 2925 venerunt,
683 2848 798 2933 quibus
812 2849 1030 2912 auctoritatem
1048 2847 1171 2913 addidit

104 2954 172 2996 non
193 2932 370 2997 lemborum
394 2933 490 2997 modo
512 2934 675 3014 adventus,
691 2934 805 3017 passim
830 2957 886 3017 per
903 2933 1059 3017 Cycladas
1074 2949 1169 3019 atque

105 3018 257 3105 AEgaenm
272 3020 455 3105 vagantium
472 3042 565 3095 nrare,
582 3021 635 3082 sed
659 3019 754 3083 etiam
776 3022 960 3105 conjunctio
974 3020 1042 3102 ipsa
1056 3041 1169 3102 regum

106 3104 213 3168 Persei
242 3104 425 3189 Gentiique‚
452 3117 484 3167 et
513 3103 595 3167 fama
624 3126 697 3168 curn
720 3126 838 3189 magno
860 3127 1002 3171 numero
1024 3104 1169 3189 peditum

104 3191 312 3274 equitumque
327 3191 519 3254 venientium
537 3190 715 3254 Gallorum.
759 3192 802 3254 Et
812 3192 879 3275 jam
900 3212 999 3276 quum
1022 3191 1168 3253 accessis·

23 3296 29 3313 ·
50 3292 56 3311 ·
105 3286 174 3340 sent
195 3276 292 3338 animi
314 3276 436 3341 Dinoni
459 3299 496 3340 ac
520 3275 700 3358 Polyarato,
716 3276 770 3359 qui
791 3275 898 3340 Persei
915 3276 1052 3360 partium
1067 3289 1168 3357 erant,

22 3368 170 3431 sffron
184 3360 323 3447 benigne
338 3362 433 3425 modo
454 3383 639 3447 responsum
661 3362 788 3447 regibus
810 3373 869 3442 est,
884 3365 936 3424 sed
962 3361 1067 3444 palam
1093 3385 1168 3447 pro·

105 3447 301 3525 nunciatum,
318 3448 392 3511 bello
406 3451 500 3530 finem
514 3472 545 3513 se
559 3450 742 3511 auctoritate
755 3469 811 3511 suu
825 3449 999 3529 inposituros
1013 3471 1081 3513 esse.
1105 3453 1167 3514 ita-

103 3555 160 3615 que
174 3535 232 3613 ipsi
246 3555 363 3616 quoque
375 3557 460 3620 reges
473 3555 575 3619 oeqrws
589 3533 769 3597 adhiberent
783 3535 900 3597 animos
913 3536 957 3595 ad
963 3555 1071 3616 pacem
1086 3538 1167 3600 acci·

220 3641 257 3681 aa.

100 3621 257 3768 WXXGX.
279 3703 382 3768 ”Jam
412 3705 493 3769 seris
521 3705 714 3790 principium
744 3714 822 3782 erat,
845 3705 981 3793 novique
1009 3710 1103 3775 duces
1131 3710 1166 3771 in

542 3809 726 3855 ¹etdel.Crev.

134 3890 167 3938 59
188 3891 283 3937 Nervus
315 3892 471 3955 uestraene]
502 3894 620 3952 Intelligi·
651 3906 708 3939 eum
730 3893 852 3940 Gronovr'o
867 3899 976 3957 potarat
1003 3902 1027 3940 et
1049 3903 1168 3940 matum-

103 3967 158 4001 nrus
181 3968 267 4001 nervos
289 3956 418 4016 poplitum.
434 3962 462 4001 ut
480 3970 553 4017 supra
566 3954 620 4017 jam
651 3956 712 4002 bant.

103 4021 260 4079 exposuimus
271 4022 287 4065 l.
300 4018 442 4066 xxxvii.
453 4034 473 4065 c.
486 4019 524 4067 42.
684 4022 715 4068 62
732 4019 778 4067 Sed
793 4024 850 4068 nacti
864 4021 939 4083 amia]
957 4022 1004 4067 Sed
1022 4016 1168 4069 Macedones

133 4085 166 4130 60
183 4083 239 4130 Alto
251 4082 376 4146 praesent]
393 4082 547 4129 Praetervehl.
582 4083 620 4131 Sic
652 4092 721 4132 nocte
732 4088 815 4146 paucis
827 4086 913 4131 lembis
925 4085 991 4136 vecti,
1003 4083 1054 4126 slve
1065 4080 1167 4129 lbrtaasa

106 4146 343 4194 lxxvttneso
380 4147 456 4194 Unius
467 4147 620 4207 praehtaim·
650 4151 728 4206 marti,
745 4150 861 4196 fallebant
872 4146 1002 4203 Popillium
1013 4150 1038 4190 et
1050 4142 1168 4193 Eumenia

101 4214 157 4270 peta
167 4212 248 4257 luteris
257 4211 354 4258 marm
364 4210 543 4259 remordcterrlt.
650 4222 732 4268 naves,
745 4215 827 4272 sicque
838 4209 905 4255 nullo
921 4210 1032 4258 obstante
1048 4211 1169 4261 onerarias

22 4318 23 4327 ,
134 4275 164 4321 ol
189 4274 277 4330 Quibus
298 4278 399 4337 poterat,
428 4275 553 4337 Popillius,
577 4280 618 4322 aut
650 4277 750 4323 hostiles
760 4273 942 4335 impugnabant.

22 4352 23 4385 3
106 4337 219 4388 dammis
251 4353 330 4394 aava,
359 4338 519 4403 mmrrM]
553 4339 618 4401 Lege
684 4336 1020 4403 mammprtadplaar
1038 4339 1169 4407 arrr11nr-
