2942 4750
300 211 339 267 98
684 200 792 261 ΤΙΤῙ
817 197 948 263 L1v11

144 385 279 439 acuat.
303 363 545 433 ‘animationem
566 383 597 426 m
642 362 767 427 'stratus
790 362 954 427 Romanus
975 360 1122 438 haberet3
1142 355 1223 428 nere
1237 367 1364 448 cogeret

146 459 176 501 Α·
188 453 214 499 ⁰·
228 451 281 498 ¹⁷¹·
306 450 467 515 noesimas
480 448 615 513 vendere
670 449 803 532 ispanos,
820 449 930 532 quanti
944 449 1011 532 ipse
1031 446 1144 523 vellet;
1166 459 1198 512 et
1218 467 1260 511 ne
1281 466 1364 531 prta·

305 533 378 601 fecti
393 536 427 598 in
441 533 559 618 oppida
573 553 629 596 sua
644 533 683 596 ad
698 532 847 617 pecunias
862 533 1016 617 cogendas
1031 534 1267 616 inponerentur.

350 620 415 685 111.
436 620 480 682 Et
501 619 562 681 alin
583 619 657 680 novi
679 618 803 703 generis
816 616 982 680 hominum
1004 639 1045 681 ex
1068 617 1224 700 Hispania
1244 612 1362 702 legatio

306 705 403 770 venit.
427 719 467 767 ex
481 701 632 765 militibus
649 702 802 765 Romanis
816 714 848 765 et
861 723 902 765 ex
918 702 1069 786 Hispanis
1083 702 1277 777 mulieribus,
1290 717 1364 763 cum

307 790 422 875 quibus
444 788 637 850 connubium
659 808 724 850 non
747 797 835 861 esset,
858 801 949 850 natos
970 810 1002 849 se
1024 801 1245 866 memorantes,
1269 804 1366 868 supra

308 885 443 957 quatuor
464 871 564 934 millia
585 871 760 948 bominum,
776 871 920 947 orabant,
938 885 972 935 ut
986 871 1045 934 sibi
1066 870 1231 955 oppidum,
1248 870 1281 933 in
1295 889 1361 954 qno

308 957 497 1032 babitarent,
513 958 650 1020 daretur.
696 957 831 1020 &natus
852 956 999 1032 decrevit,
1015 958 1063 1019 uti
1077 959 1198 1019 nomina
1212 977 1267 1019 nea
1282 955 1369 1036 apud

226 1079 229 1085 ·
310 1043 353 1107 L.
369 1044 546 1106 Canuleium
554 1043 789 1124 profiterentur
811 1043 989 1125 ’eorumque
1001 1044 1031 1104 ai
1043 1061 1115 1125 quos
1135 1040 1365 1115 manumisisset,

148 1139 242 1188 muas
252 1152 290 1186 co-
306 1147 359 1190 ·eat
374 1129 529 1191 Carteiam
540 1129 584 1189 ad
597 1147 735 1189 oceanum
750 1127 858 1189 deduci
865 1129 999 1209 placere.
1034 1128 1054 1159 ¹⁰
1068 1128 1133 1199 Qui
1148 1126 1368 1189 Carteiensium

148 1206 220 1251 ¹⁰⁰³*
309 1213 394 1275 danti
413 1233 534 1274 manne
554 1213 673 1287 uellent,
689 1220 869 1292 potestatem
878 1211 964 1294 fare,
988 1213 1036 1274 uti
1056 1231 1178 1273 numero
1200 1212 1368 1273 colonorum

309 1306 411 1372 essent,
428 1317 505 1380 agro
517 1297 691 1379 adsignata.
726 1298 744 1328 ¹¹
754 1295 904 1357 Latinam
919 1317 983 1359 eant
997 1295 1261 1378 coloniamfaisse,
1278 1293 1369 1357 liber·

148 1391 287 1464 nunaunt
309 1383 497 1464 tinnitumque
510 1381 669 1461 adpellari.
706 1379 827 1442 Eodem
844 1392 986 1464 tempore
1000 1403 1040 1444 ert
1056 1378 1166 1443 Africa
1176 1389 1208 1443 et
1219 1378 1368 1458 Gulussa,

149 1455 221 1512 ΙΨ
233 1452 294 1525 Ψ·
311 1465 487 1530 Masinissae
502 1464 583 1548 regis
598 1464 692 1543 filius,
708 1467 828 1550 legatus
851 1466 956 1547 putris,
972 1477 1004 1529 et
1019 1463 1297 1548 Karthaginienses
1310 1484 1366 1525 vo·

148 1516 290 1625 m,
308 1561 434 1614 nerunt.
459 1548 598 1612 Gulussa
614 1549 701 1630 prior
713 1550 747 1618 in
762 1563 901 1612 senatum
912 1550 1119 1625 introductus,
1131 1562 1172 1627 et,
1187 1569 1258 1632 quae
1274 1548 1370 1612 missa

309 1648 398 1699 erant
413 1634 453 1698 ad
466 1632 585 1696 bellurn
602 1632 847 1696 Macedonicum
870 1657 887 1697 a
908 1648 998 1719 patre
1013 1656 1080 1709 suo,
1097 1634 1260 1717 exposuit3
1281 1644 1323 1709 et,
1338 1632 1369 1695 si

331 1743 372 1785 ua
386 1729 537 1804 praeterea
552 1719 666 1780 vellent
680 1717 847 1804 imperare,
863 1732 1083 1802 praestaturum
1099 1721 1118 1752 ¹¹
1128 1718 1241 1781 merito
1254 1714 1369 1802 populi

304 1743 450 1870 ‘ilotnani
472 1814 519 1866 est
541 1803 716 1884 pollicitus:
739 1818 772 1867 et
797 1807 919 1868 monuit
935 1807 1045 1867 Patres
1071 1802 1274 1885 conscriptos,
1290 1814 1327 1864 ut
1345 1822 1368 1865 a

308 1889 419 1953 fraude
432 1886 746 1974 Karthaginiensium
761 1902 917 1954 caverent.
940 1890 1046 1951 clarus
1060 1909 1109 1950 eos
1121 1908 1240 1970 magna
1247 1906 1369 1967 paran-

309 1976 358 2035 da
371 1974 524 2036 consilium
545 1974 654 2055 cepisse
662 2008 674 2046 ,·
697 1976 794 2055 specie
805 1995 867 2055 pro
880 1973 1037 2047 Ιίοηιαηίι,
1054 1982 1083 2033 et
1103 1973 1246 2035 advene
1259 1972 1370 2034 Mace-

309 2058 421 2120 donas.-
435 2057 488 2120 abi
497 2078 535 2118 ea
540 2068 658 2138 parata
670 2061 876 2139 instructaque
886 2067 968 2133 esset,
981 2052 1368 2139 nasammsorepatertatir,

309 2162 393 2224 quem
407 2143 519 2205 hostem
534 2152 587 2205 aut
600 2146 709 2206 socium
723 2141 862 2204 habeant

727 2271 948 2311 *titi

150 2392 180 2437 U·
193 2392 218 2437 C·
231 2389 285 2439 ⁵82·
352 2383 411 2448 tv,
435 2387 495 2425 Μ
510 2397 631 2452 tanturn
653 2406 802 2470 pavorem
825 2381 958 2471 ingressi
980 2391 1093 2457 eastra,
1109 2389 1301 2445 ostentantes
1316 2401 1369 2444 ca-

150 2457 180 2501 ⁸⁸
192 2455 218 2500 ⁰·
232 2455 284 2505 ¹⁷⁰·
308 2470 384 2554 pita,
399 2471 549 2552 fecerunt,
564 2488 610 2550 ut,
626 2472 651 2536 si
667 2472 814 2537 admotus
837 2466 1000 2552 extenplo
1022 2466 1176 2529 exercitus
1190 2468 1282 2540 smel,
1297 2464 1368 2548 caPl

309 2567 410 2618 castra
433 2559 603 2638 potuerint.
647 2556 734 2619 Tum
760 2578 886 2639 quoque
911 2553 986 2634 iuga
1009 2552 1121 2636 ingens
1143 2549 1224 2614 iacta
1248 2560 1367 2613 estrat

309 2692 403 2736 litabat.
437 2691 459 2736 li
469 2693 543 2749 igitur
558 2703 602 2748 pro
617 2691 741 2735 frumento
752 2704 823 2749 pacu-
854 2702 907 2735 nus.

309 2755 376 2799 niam
389 2752 434 2797 sibi
450 2753 571 2796 numerari
584 2747 712 2810 jubebant,
729 2754 823 2811 praeda·
887 2749 1051 2809 Martemque
1073 2753 1094 2797 ri
1114 2766 1169 2812 queat
1188 2753 1368 2816 nussum]

309 2816 444 2872 beatusque
454 2815 479 2859 in
488 2813 743 2871 eoquodirumentnm
751 2828 823 2872 gran·
856 2814 893 2859 Ex
906 2813 944 2858 bis
955 2813 1042 2867 verbis.
1059 2821 1084 2860 et
1099 2816 1257 2875 appellatione
1267 2816 1370 2863 colonio

310 2879 335 2924 eli
346 2877 422 2936 ριειίο
437 2877 593 2923 estimarent.
626 2875 695 2921 Unde
710 2877 824 2923 videntur
854 2877 927 2929 iufra.
944 2877 984 2922 cui
1004 2890 1092 2923 nomen
1110 2879 1251 2937 imponitur,
1269 2878 1370 2925 liberti-

310 2940 349 2986 hic
361 2940 462 2999 Hispani
473 2939 646 2998 impetravisse,
657 2944 686 2983 ut
698 2941 824 2999 magistra-
853 2953 937 2985 noram
947 2940 1041 2993 ωἱοιιία,
1052 2941 1136 2987 inferri
1150 2943 1221 2987 debet
1232 2942 1276 2988 bos
1287 2954 1371 2988 servos

305 3006 350 3051 'tus
361 3002 708 3060 Romanlirumentumipsum
716 3004 823 3063 accipere
854 3004 937 3057 misse,
956 3016 984 3049 ac
1005 3005 1105 3062 proinde
1126 3010 1194 3050 natos
1215 3016 1245 3049 ex
1267 3005 1370 3051 ancillis.

309 3075 459 3129 angerentur.
478 3080 526 3112 non
547 3066 663 3111 {rumenti
682 3067 822 3113 minatio·
854 3066 902 3119 Qui
913 3067 977 3112 enim
990 3080 1037 3112 non
1049 3081 1079 3113 ex
1089 3068 1198 3127 legitimo
1213 3068 1370 3114 matrimonio

309 3146 376 3185 nean,
387 3132 412 3177 id
427 3136 471 3183 ost,
483 3142 526 3188 pro
540 3130 662 3175 frumento
678 3130 820 3188 pecunismt
854 3131 968 3183 nascitur.
983 3138 1086 3176 matrem
1096 3131 1206 3188 sequium
1216 3143 1246 3176 ex
1256 3144 1370 3178 warmu-

311 3195 358 3247 vei.
369 3194 390 3237 si
400 3195 454 3252 quis
465 3193 542 3246 malit,
560 3206 590 3237 ne
606 3193 687 3237 liceret
698 3193 823 3253 magistra-
855 3195 880 3238 ni
896 3194 1005 3253 gentium
1022 3189 1085 3252 jure.
1113 3192 1170 3238 via
1187 3194 1203 3237 l.
1221 3193 1241 3238 1.
1259 3194 1369 3241 instinti-

309 3258 375 3301 tibus
386 3254 502 3301 Romanis
517 3256 623 3314 pretium
638 3255 761 3315 imponere
771 3257 823 3303 iru-
854 3256 1039 3309 iustinianitit.
1053 3254 1076 3300 4.
1095 3255 1240 3314 Acproinde
1250 3257 1276 3301 tri
1286 3257 1369 3316 hybri-

309 3324 393 3364 mento
402 3319 438 3363 illi
451 3320 516 3377 quod
530 3320 556 3363 in
567 3320 653 3365 aetam
663 3333 759 3366 mmere
770 3328 822 3379 pot·
855 3321 894 3366 aa
904 3320 925 3364 si
936 3320 987 3365 nati
997 3324 1077 3364 essem
1084 3332 1114 3363 ex
1126 3318 1207 3364 liberis
1217 3320 1369 3375 mulieribus,

310 3386 387 3435 erant,
398 3382 449 3435 sed,
461 3383 578 3427 nivellent
589 3382 634 3427 sibi
644 3396 689 3441 pro
699 3385 822 3430 numento
854 3383 923 3429 liberi
933 3389 957 3427 et
968 3382 1014 3441 ipsi
1024 3381 1135 3434 fuissent,
1146 3394 1191 3427 nec
1201 3382 1301 3442 proinde
1316 3396 1370 3431 urr-

308 3443 361 3489 tlarl
375 3445 512 3502 pecuniam,
524 3446 683 3491 estimatione
698 3447 822 3493 communi
854 3446 1002 3491 numissione
1013 3456 1073 3502 opus
1083 3444 1231 3490 habuissent.

308 3513 334 3552 et
349 3507 445 3567 muna
464 3515 595 3554 numana.
638 3510 750 3554 niumm
772 3511 822 3554 rm.
887 3509 918 3554 ιο
939 3507 986 3561 an
1006 3506 1172 3553 armannum
1192 3507 1253 3554 aas
1275 3521 1368 3556 mse
1461 3496 1462 3499 ’

309 3572 387 3616 menti
397 3583 473 3629 genus
481 3578 654 3628 est.emptum.
670 3572 823 3617 iubebantur
854 3570 947 3632 albat]
973 3569 1056 3614 Simile
1077 3571 1201 3615 dormtum
1222 3572 1369 3618 memoravit

309 3633 426 3678 nimirum
448 3634 604 3691 pmtineiales
625 3641 716 3680 certam
738 3648 822 3693 quam·
854 3633 938 3678 Livius
948 3634 979 3678 de
990 3632 1137 3686 Antiatibus,
1148 3634 1164 3678 l.
1177 3633 1250 3681 vllt.
1262 3648 1283 3681 a.
1296 3633 1336 3682 la

310 3694 541 3742 damirutnentisui
553 3702 646 3755 partem
660 3698 763 3742 vendere
774 3698 822 3742 Ro-
887 3695 915 3741 11
939 3696 1049 3740 Latinam
1071 3708 1121 3741 mm
1147 3697 1256 3745 ωἱοιιίαηι
1274 3695 1366 3760 fulix]

309 3759 396 3804 manis.
430 3757 458 3803 ln
469 3771 524 3802 eam
539 3770 591 3803 rem
608 3761 763 3819 magistratus
782 3773 822 3818 pe-
854 3758 919 3818 Lege
938 3771 994 3803 cum
1006 3758 1126 3803 Gronovio
1144 3773 1197 3806 erre.
1230 3759 1285 3806 Hos
1300 3762 1367 3808 enin

310 3821 703 3881 eunemepubticoaeetpiebant
737 3822 784 3869 Sed
794 3830 823 3868 ut
854 3823 907 3882 ipso
918 3828 1026 3879 tempore
1035 3821 1078 3866 iila
1088 3822 1182 3868 colonia
1192 3823 1328 3870 deducitur.

310 3899 341 3932 ex
352 3898 381 3932 ea
391 3884 481 3943 diquid
492 3885 517 3929 in
529 3897 600 3941 snum
617 3891 739 3943 quaestum
756 3899 823 3931 aver·
887 3883 1031 3930 li'Merita
1041 3884 1122 3944 populi
1138 3883 1250 3947 Rontaal]
1267 3885 1301 3931 Ut
1311 3898 1367 3947 pas-

310 3955 397 4003 ruent,
414 3948 531 3994 vilissimo
549 3947 625 4006 pretio
643 3949 757 3992 innunt
773 3949 823 3993 irn-
854 3947 1056 3994 tularentmerita
1065 3948 1148 4006 populi
1159 3947 1298 3995 Romaniiu
1311 3949 1367 3996 Ma·

309 4018 422 4060 mentina
443 4011 504 4056 iliud
521 4011 587 4069 quod
602 4023 681 4055 emere
696 4011 822 4055 debebant.
854 4011 972 4056 sinissam.
1014 4008 1106 4055 Eodem
1127 4012 1200 4056 modo
1217 4013 1312 4059 locutura
1329 4019 1368 4059 est

311 4076 415 4135 Hispani
426 4075 508 4135 igitur,
517 4074 559 4132 qui
571 4073 696 4118 vicennam
706 4073 823 4118 frumenti
855 4074 1022 4132 Liviussuprs
1036 4072 1162 4119 xxvui
1178 4074 1200 4120 9.
1233 4074 1265 4121 Sa
1279 4088 1368 4122 ueram

309 4140 349 4185 sui
370 4139 473 4185 rendae
494 4138 612 4184 debebant
631 4135 757 4189 Romanis,
778 4137 824 4183 hoa
855 4137 1054 4198 qnoepnnntnrmr
1070 4135 1195 4189 demae.
1216 4137 1368 4193 Patrensiu-

310 4200 450 4258 impetrant.
470 4214 500 4247 na
518 4201 572 4246 illas
591 4200 692 4246 vendere
711 4212 823 4257 maeren-
854 4202 900 4245 rito
921 4199 1014 4246 &mat
1033 4198 1147 4258 pamm,
1169 4199 1220 4245 dela
1242 4200 1366 4248 madan

311 4266 361 4317 tur,
377 4264 462 4322 quanti
477 4264 550 4310 vellet
568 4263 723 4324 magistratus
734 4262 823 4313 Roma·
854 4263 913 4319 deon
924 4261 1048 4317 must,
1057 4262 1237 4322 mwndsrunt.
