2942 4750
477 227 825 307 PRAEFATIO.
1171 262 1196 312 v

84 490 86 497 ,
105 429 312 531 Capeliano
338 436 407 512 sibi
429 438 572 515 dictum
597 440 637 514 in
658 440 799 516 litteras
821 439 964 515 retulit:
992 446 1195 539 quemdam

104 544 298 644 Capeliani
315 553 487 642 amicum,
506 556 625 630 virum
649 581 727 630 non
748 556 971 644 illiteratum,
989 562 1198 657 quumpiia

103 661 257 752 luderet,
276 667 581 746 animadvertisse
605 672 646 746 in
660 697 706 745 ea
729 671 897 768 palmula
911 697 996 769 qua
1013 672 1083 747 sibi
1099 687 1198 749 esset

102 778 153 853 ad
186 805 350 869 manum,
381 784 588 880 fragmenta
615 787 864 881 quorumdam
898 786 993 860 Livii
1020 788 1197 867 librorum

101 893 166 989 qui
194 895 308 971 hodie
338 921 416 975 non
437 908 607 989 exstent,
631 924 822 997 quumque
847 925 925 974 rem
950 902 1020 976 sibi
1045 903 1197 981 nunus

24 1019 41 1067 '-
100 1008 363 1105 inquirendam
384 1026 564 1110 putasset,
585 1015 810 1112 comperisse
832 1040 898 1090 eas
916 1041 1001 1091 esse
1023 1017 1197 1114 reliquias

102 1124 246 1220 aliquot
273 1127 445 1205 similium
476 1131 786 1217 membranarum,
813 1157 897 1229 qum
924 1157 948 1205 a
967 1132 1198 1217 monialibus

102 1240 237 1317 domus
251 1241 284 1317 F
285 1245 582 1324 ontebraldensis
597 1247 900 1345 pharmacopolae
912 1248 1064 1325 cuidam
1081 1250 1198 1322 dona·

102 1364 160 1440 te,
192 1357 241 1429 ab
266 1359 491 1456 bonignam
516 1361 639 1457 qualis
668 1362 738 1435 sibi
766 1362 961 1435 thesaurus
988 1362 1200 1439 obuenisset

102 1472 263 1547 venditae
279 1473 400 1549 forent
417 1475 585 1572 operario
611 1475 775 1569 ignobili,
792 1475 857 1571 qui
878 1474 923 1549 iis
946 1475 1084 1553 abusus
1100 1485 1200 1555 asset

102 1586 154 1663 ad
170 1588 352 1681 tegendas
362 1588 445 1662 illas
460 1589 646 1686 palmulas
657 1588 792 1686 quibus
809 1589 885 1685 pila
896 1589 1047 1665 luditur.
1083 1589 1200 1669 Vanis

102 1700 318 1794 hujusmodi
345 1702 425 1777 sine
454 1713 556 1778 certo
583 1715 735 1779 auctore
759 1704 968 1779 rumoribus
994 1704 1108 1781 fidem
1134 1704 1200 1776 ha-

102 1817 201 1901 beat,
220 1818 281 1890 eui
296 1818 478 1915 placuerit
494 1844 577 1894 sese
592 1819 693 1895 inani
710 1845 777 1918 spe
793 1820 944 1895 laniare.
1068 1904 1074 1915 t

153 1931 311 2006 Partitio
331 1934 453 2030 operis
474 1935 514 2009 in
542 1935 706 2011 decades
732 1946 858 2010 utrum
882 1962 906 2010 a
927 1935 1035 2009 Livio
1054 1934 1112 2021 sit,
1131 1934 1349 2035 dumento-0

101 2046 232 2120 bitavit
250 2048 464 2137 Patr-archa,
482 2050 546 2148 qui
567 2076 652 2126 eam
668 2050 793 2148 potius
810 2062 930 2129 ortam
955 2077 1037 2126 esse
1053 2060 1161 2148 putat
1177 2028 1381 2134 silim·

103 2162 299 2239 fastidiosa
325 2164 526 2260 legentium
554 2166 713 2261 ignavia
767 2165 877 2245 idem
905 2166 1065 2239 adstnrit
1094 2166 1291 2259 Sigo-snoa

101 2278 186 2353 nius
219 2303 266 2352 ex
298 2289 477 2375 perpetuo
510 2289 675 2357 veterum
712 2279 1063 2362 Grammaticorum,
1098 2251 1350 2363 Pus-iiiiii?

102 2394 212 2480 ciani,
243 2394 454 2481 Diomedia,
479 2393 685 2479 Censorini,
713 2392 876 2490 denique
902 2392 1064 2467 auctoris
1084 2380 1260 2488 epita-¹³*

102 2534 248 2586 marum
276 2508 433 2596 silentio,
464 2509 528 2605 qui
555 2533 685 2584 omnes
715 2507 895 2586 librorum
924 2531 1080 2605 semper,
1107 2531 1201 2580 nun-

101 2651 217 2726 quam
235 2625 423 2700 decadum
440 2624 666 2699 mentionem
678 2624 831 2698 faciunt.
865 2623 1019 2700 Frustra
1034 2621 1200 2724 quidam,

103 2753 145 2818 nt
164 2738 389 2816 contrariam
412 2738 625 2835 opinionem
652 2749 836 2825 tueantur,
854 2738 1034 2833 obiiciunt
1055 2736 1201 2842 Livium

101 2858 136 2932 ei
157 2857 282 2953 ipsum
306 2853 422 2930 videri
448 2855 732 2950 quodammodo
759 2852 963 2950 suffragari,
995 2853 1087 2926 dum
1112 2879 1202 2928 suas

103 2971 282 3067 vigesimo
306 2969 425 3065 primo
442 2980 480 3042 et
496 2968 683 3065 trigesimo
705 2968 825 3067 primo
841 2968 944 3042 libris
965 2968 1200 3064 prefationes

101 3083 302 3183 premittit.
355 3083 504 3158 Etenim
528 3096 626 3160 recte
656 3085 829 3160 observat
853 3082 1032 3176 Dujatius
1053 3082 1198 3156 Livium
1208 3107 1360 3166 onasus.

101 3223 180 3276 non
203 3197 431 3280 absimilibus
451 3198 552 3274 velut
571 3197 759 3302 prooemiis
776 3207 882 3270 extra
898 3197 1086 3272 wadum
1108 3220 1199 3293 quo

102 3341 176 3413 que
196 3314 377 3412 principia
400 3313 605 3390 identidem
631 3337 742 3390 usum
763 3336 846 3386 esse
871 3312 921 3386 ad
944 3312 1200 3392 renovandam

101 3431 252 3508 lectoris
276 3432 391 3526 longo
417 3431 455 3508 in
482 3455 594 3527 opere
627 3429 880 3513 attentionem,
904 3427 963 3502 vel
989 3427 1199 3527 siquando

101 3544 278 3620 scribenti
301 3547 420 3638 major
444 3571 565 3622 rerum
587 3546 681 3618 ordo
711 3553 935 3630 nasceretur,
959 3555 1001 3621 ut
1026 3555 1129 3643 patet
1151 3572 1199 3621 ex

100 3659 185 3738 libri
202 3657 297 3732 sexti
319 3659 497 3756 ingressu,
524 3671 562 3736 et
587 3686 671 3756 cap.
690 3667 750 3734 29.
774 3659 836 3732 lib.
855 3659 947 3736 VII.
995 3661 1200 3737 Contendit

101 3798 192 3874 ergo
223 3772 395 3869 Sigonius
424 3800 638 3870 gennanam
669 3774 791 3872 operis
821 3774 966 3850 Liviani
992 3776 1198 3871 inscriptio

97 3915 188 3984 ‚nem
205 3891 303 3964 hanc
321 3890 453 3964 fuisset
479 3889 527 3963 T.
547 3891 662 3964 Lrvrr
683 3891 894 3968 Parnvrur
914 3912 1197 3964 Historiarum
1235 3918 1241 3922 ·

102 4032 154 4086 an
177 4029 283 4084 unns
305 4028 486 4084 courum
513 4028 626 4080 nranr
651 4030 779 4080 cxnrr.
832 4006 927 4088 Quae
943 4003 1051 4079 nobis
1072 4003 1197 4102 opinio

100 4121 172 4198 etsi
197 4119 422 4218 probabilior
450 4119 605 4206 videtur,
632 4131 758 4196 tamen
786 4144 864 4194 non
891 4143 1037 4215 semper
1066 4119 1198 4200 abhor-

101 4236 241 4316 nimus
258 4238 305 4316 ab
323 4237 512 4318 decadum
529 4235 789 4334 appellatione,
807 4260 891 4332 qua
907 4245 946 4310 et
961 4260 1033 4311 usu
1048 4247 1199 4337 recepta

619 4361 686 4426 a3
