2942 4750
271 207 327 263 110
679 194 789 257 ΤΙΤΙ
814 195 948 256 L1v11

114 375 249 433 duest
275 383 371 449 super
393 355 600 427 Ambrosium
621 353 738 434 sinum,
748 377 854 443 prope
873 373 1000 422 smum
1014 351 1205 422 Acheloum.
1251 357 1339 424 Cum

115 444 186 496 ss·
199 443 253 524 Μ
275 449 386 515 decem
407 443 547 512 millibus
568 441 710 526 peditum
727 464 767 506 eo
787 441 948 527 profectur
969 456 1016 507 est
1037 456 1070 507 et
1090 443 1252 529 equitibus
1272 456 1341 508 tre·

277 534 397 601 centis:
424 551 503 615 quos
524 526 688 611 pensiore·
709 541 841 612 propter
854 527 1015 615 augustias
1035 529 1156 593 viarum
1170 539 1204 592 et
1218 529 1340 613 saperi-

278 632 374 686 ratem
388 615 490 680 duxit.
526 613 638 676 'l'ertio
658 611 713 675 die
732 634 832 697 quum
853 613 1044 713 pervenisset
1057 613 1099 678 ad
1114 613 1235 679 Citium
1245 635 1340 679 mon·

278 718 353 780 tem,
368 703 424 764 rix
438 713 648 783 transgressus
666 709 796 782 propter
810 698 1009 763 altitudinem
1031 698 1120 775 niuis,
1136 698 1245 763 locum
1258 720 1341 784 quo-

280 811 342 877 que
355 785 466 850 castris
487 805 573 869 aegre
593 783 721 846 invenit.
769 783 935 847 Profectus
956 783 1041 860 inde,
1058 783 1158 870 magis
1172 785 1248 869 quis
1272 806 1341 848 ma·

187 893 189 898 '
280 893 355 940 nere
378 892 441 933 non
463 881 597 953 poterat,
615 890 710 954 quam
732 869 818 954 quod
840 868 1011 933 tolerabilis
1032 882 1089 933 aut
1109 869 1161 932 vis
1182 879 1238 933 aut
1259 881 1342 934 tem-

281 972 384 1045 pestas
398 969 487 1030 esset,
503 976 576 1017 cum
598 954 719 1040 ingenti
738 955 914 1030 vexatione,
930 955 1091 1038 proecipuc
1108 954 1343 1038 jumentorum,

282 1043 381 1108 altero
395 1041 445 1104 die
459 1040 499 1103 sd
515 1039 669 1122 templum
691 1038 790 1115 Jovis,
810 1061 905 1125 quem
928 1038 1073 1103 Nicaeum
1095 1051 1221 1118 vocant,
1235 1039 1346 1123 posuit

282 1139 394 1194 castre.
439 1124 494 1189 Ad
508 1123 708 1189 Arachthum
732 1124 805 1188 inde
818 1126 947 1199 flumen,
965 1124 1076 1186 itinere
1097 1123 1221 1210 ingenti
1234 1145 1345 1188 emen-

283 1235 329 1290 so,
345 1223 485 1276 retentus
498 1209 664 1275 altitudine
677 1210 790 1310 amuis,
814 1215 833 1246 '⁸
844 1210 967 1311 maurit.
987 1295 994 1308 ·
1010 1207 1088 1308 Quo
1102 1208 1204 1292 spatio
1218 1222 1345 1309 tempo-

283 1299 466 1446 unn
479 1294 1346 1466 innutriunt'tissimum

286 1468 410 1535 Stratus
424 1465 618 1544 tradebatur,
634 1465 754 1530 habuit.

327 1551 446 1617 xxti·
459 1551 509 1614 Eo
521 1551 576 1613 die
596 1549 637 1612 ad
658 1550 754 1613 finem
777 1550 846 1637 agri
867 1549 969 1614 AEtoli
983 1561 1086 1614 castra
1105 1550 1219 1633 posita.
1264 1551 1345 1614 Inde

285 1640 385 1702 sltero
410 1635 461 1699 die
482 1634 522 1697 ad
553 1636 693 1696 Stratum
720 1648 927 1720 perventum:
956 1637 1022 1712 ubi,
1043 1656 1146 1719 prope
1167 1633 1347 1700 Acheloum

285 1743 410 1788 emnem
432 1721 542 1783 castris
563 1720 683 1803 positis,
708 1742 806 1805 quum
827 1734 1032 1804 exspectaret,
1058 1719 1176 1788 effusos
1196 1721 1348 1786 omnibus

253 1817 255 1822 '
286 1807 387 1908 portis
402 1804 530 1870 AEtolos
544 1805 577 1866 in
592 1803 686 1866 lidern
702 1825 792 1868 susm
808 1818 966 1883 venturos,
981 1806 1101 1869 clausas
1115 1817 1234 1888 portes,
1250 1818 1348 1891 atque

124 1908 357 1975 summrpss
371 1914 408 1954 es
424 1905 526 1964 nocte,
542 1909 604 1973 qua
625 1903 764 1968 venerat,
779 1906 939 1974 receptum
963 1889 1146 1953 Romanum
1159 1889 1349 1974 praesidium
1445 1913 1457 1930 ·

124 1970 248 2083 Ψ
286 1973 1349 2143 Ἆᾎίἴωὲὲωῗέῗὲῗὲήίῐξὲΐοέἒζῖιὲ’κῷἷῖῗξὶἓὲῑέζζξ’ἴὲῑῗὲ

285 2164 410 2231 egresso
436 2141 630 2206 Archidamo
651 2142 810 2228 segniores
831 2142 915 2220 lacti,
932 2143 1038 2207 locum
1053 2144 1194 2208 sdversoe
1215 2144 1349 2214 lectioni

285 2227 440 2292 dederunt
461 2226 502 2292 sd
529 2225 700 2310 Popillium
722 2248 796 2291 cum
817 2228 904 2292 mille
924 2228 1083 2312 peditibus
1107 2229 1149 2294 ab
1176 2229 1352 2296 Ambracia

285 2311 516 2379 arcessendum.
561 2312 599 2377 ln
615 2325 757 2395 tempore
770 2327 802 2377 et
817 2312 1009 2391 Dinarchus,
1025 2312 1193 2398 praelectus
1206 2318 1353 2402 equitum

286 2400 389 2481 gentis
403 2398 593 2474 AEtolorum,
609 2419 682 2461 cunr
697 2399 855 2463 sexcentis
875 2400 1032 2483 peditibus
1048 2411 1082 2463 et
1101 2400 1263 2484 equitibus
1274 2423 1352 2468 cen·

286 2495 357 2547 tum
377 2484 473 2546 uenit.
517 2485 601 2548 Satis
617 2483 792 2560 constabat,
809 2505 891 2559 euin,
908 2495 972 2548 tam
999 2504 1071 2547 uam
1090 2483 1133 2547 ad
1150 2485 1268 2550 Persea
1282 2481 1358 2551 ten-⁵

286 2565 428 2641 dentem,
445 2569 587 2628 Stratum
602 2568 740 2626 venisse:
763 2579 886 2629 mutato
907 2505 1022 2631 deiride
1042 2588 1115 2632 cum
1136 2568 1266 2634 fortune
1283 2574 1355 2636 sni·

287 2667 353 2721 mo,
381 2645 534 2706 Romanis
563 2668 606 2718 se,
633 2644 781 2709 adversus
809 2669 889 2730 quos
913 2665 1051 2729 venerut,
1076 2654 1235 2738 junxisse.
1281 2656 1355 2723 Nec
1411 2684 1430 2712 ο

289 2724 446 2807 Popillius
471 2729 619 2802 securior,
642 2748 737 2810 quern
765 2728 901 2793 debebat
921 2754 999 2813 esse,
1020 2738 1104 2801 inter
1132 2751 1199 2803 tum
1219 2741 1356 2808 mobilis

286 2807 505 2892 ingeniserst
534 2811 636 2872 claves
650 2822 814 2892 portarum
835 2816 1074 2968 custodiamAEre
1095 2844 1264 2890 murorum
1287 2848 1356 2893 suae

287 2890 448 2973 externplo
468 2893 632 2975 potestatis
653 2893 744 2959 lecit:
775 2896 976 2966 Dinarchum
1045 2905 1187 2991 tolosqus
1204 2931 1281 2974 cum
1301 2911 1357 2997 ju·

288 2984 416 3038 ventute
432 2976 622 3041 Stratiorum
644 2978 677 3041 in
699 3001 805 3044 srcem
827 3003 885 3064 per
905 2990 1045 3069 presidii
1066 2994 1203 3073 speciem
1220 2999 1357 3066 amovit.

290 3058 435 3134 Perseus,
451 3062 492 3122 eb
507 3062 732 3128 inminentibus
753 3068 907 3150 superiori
923 3076 1004 3153 parti
1026 3074 1114 3138 urbis
1137 3080 1271 3143 tumulis
1285 3093 1358 3147 ten·

287 3143 362 3205 tetis
384 3141 569 3228 conloquiis,
590 3168 687 3231 quum
709 3149 883 3217 obstinatos
903 3167 998 3239 atque
1026 3159 1122 3222 etism
1145 3160 1217 3225 telis
1242 3167 1361 3248 procul

288 3235 431 3322 arcentes
452 3228 583 3312 videret,
597 3232 737 3331 quipque
751 3235 851 3300 millio
861 3258 1014 3384 passuum
1036 3245 1077 3306 sb
1092 3244 1172 3309 urbe
1186 3259 1278 3313 trous
1294 3252 1360 3316 Pe-
1452 3284 1454 3303 ·

126 3317 272 3379 Quum
287 3319 420 3374 uterum
432 3332 558 3378 amnem
665 3330 803 3384 tcsstrs.
843 3322 858 3386 l
883 3323 1058 3390 iconsilio¹
1072 3327 1239 3411 advocato,
1255 3357 1360 3418 quum
1427 3371 1439 3393 ·

129 3378 239 3430 ΡΜ·
291 3390 504 3462 Archidamus
528 3402 548 3439 ¹²
591 3400 830 3492 pirotsrumqus
851 3407 1021 3495 transfugas
1042 3412 1228 3498 retinerent,
1245 3408 1362 3487 Mace·

573 3569 770 3623 lodoicanrou.
867 3576 1066 3631 ‘melliscrem

325 3724 472 3776 temesae
515 3732 805 3801 Qwrpmlotrusportsl
836 3739 933 3788 mooe

292 3787 657 3854 Proiectohtesllqulddsest.
697 3798 806 3847 Utenlm
870 3803 1120 3868 lprlmrmuuc
1154 3812 1302 3882 mrfqae]
1340 3821 1364 3868 ll

292 3851 538 3928 namtarum,
555 3863 809 3908 nmmomnino
839 3867 1367 3943 proculdubloersntexlsctlouecephe·

293 3910 417 3957 mustus
432 3916 716 3977 tumoarerltqucdmm
735 3923 809 3970 tuerit
839 3926 1367 3995 umquompnclnesideootmnmr

254 4016 258 4023 ,
292 3971 626 4085 fflddcpaffifflpodr,
647 3993 697 4040 quo
717 3986 809 4032 mandt
839 3991 1052 4104 inninga&
1066 4009 1145 4056 quum
1163 4003 1246 4061 prlrno
1262 4008 1296 4053 ab
1314 3997 1368 4056 Ro·
