2942 4750
264 186 270 193 ’
407 194 473 254 DE
501 192 849 268 PONDERIBUS,
878 198 931 257 &o
1177 190 1219 256 'm'

17 284 43 323 Ι
69 302 83 326 s

147 362 152 366 ’
168 353 199 418 Ε
211 355 365 423 mensuris
374 358 459 421 ceris
471 357 558 442 opud
570 359 701 424 Groeeos
712 359 842 437 usitatis,
858 357 956 422 soiius
969 357 1118 422 medinmi
1130 359 1331 442 spasmeam·

17 468 20 489 ν
123 438 254 504 Livium
267 440 306 505 fit
320 443 449 522 mentio,
464 444 550 530 quod
566 446 687 510 dusbus
705 446 867 531 amphoris
881 445 946 508 sire
959 466 1016 508 sex
1029 445 1143 509 modiis
1158 443 1295 529 parm

123 541 205 590 erut.

17 668 19 685 ÷
167 614 275 698 Atque
287 612 359 676 btec
373 628 447 678 sunt
461 638 534 702 quse
548 616 590 681 de
603 616 808 703 ponderibus,
829 616 974 701 pecunia,
990 615 1146 678 mensuris
1160 632 1221 677 ans

17 734 19 759 t
69 698 82 718 ⁴
121 697 287 782 liquorum
309 702 490 763 summatim
512 702 690 766 disserendo
704 722 770 766 esse
789 702 946 778 duximus,
963 714 1008 778 ut,
1026 701 1219 784 ubicumque

121 781 223 847 lector
244 783 315 848 herc
328 784 363 847 iu
378 786 460 849 notis
483 789 597 851 nostris
618 786 772 851 oestimstu
793 787 957 864 invenerit,
980 787 1058 850 sciat
1077 784 1154 869 quid
1169 804 1218 848 se·

121 869 189 931 cuti
210 870 372 947 fuerimus,
388 883 430 949 et,
445 871 470 934 si
485 873 561 958 quid
577 872 641 935 illic
658 872 786 936 obscuri
808 873 969 956 repererit,
987 873 1048 935 buc
1064 885 1219 951 recurrsn

31 1020 48 1041 .
124 953 181 1018 ubi
195 963 264 1019 tots
277 976 328 1020 res
342 956 489 1041 pluribus
502 957 605 1022 verbis
619 969 753 1023 trectets
766 956 887 1022 facilius
900 968 933 1022 et
945 957 1070 1042 plenius
1084 955 1219 1043 intelligi

123 1051 239 1123 pmmt

573 1262 768 1306 -ο-

468 1396 880 1597 ΑΙῖΡΕΝΒΙΧ

344 1734 446 1816 uu
494 1733 667 1814 mnu
719 1730 992 1814 onnvr.

122 1965 279 2046 Glrtclt
299 2003 344 2045 oes
363 2002 461 2069 greve
480 1979 531 2044 hic
550 1978 655 2045 nodus
675 2000 742 2045 non
760 1979 852 2044 fusile
875 1972 1042 2045 solvsfidss
1062 1980 1360 2061 occurrimus&

122 2067 208 2153 qnod
221 2067 300 2153 ejus,
313 2068 412 2132 ‘etism
428 2081 498 2151 post
510 2066 714 2130 imminutum
737 2068 851 2129 ossium
872 2067 1008 2151 pondus,
1030 2067 1150 2131 mentio
1164 2059 1286 2132 wtse-
1295 2072 1330 2106 ⁸⁸

124 2174 196 2216 men
211 2152 248 2215 lit
261 2152 420 2215 interdum
437 2174 457 2214 u
474 2151 689 2233 scriptoribus,
713 2165 863 2235 tunquam
887 2166 963 2214 tunc
977 2173 1103 2237 qnoque
1121 2135 1359 2237 odiri-m

121 2237 180 2302 biti
195 2239 235 2300 sd
249 2236 462 2301 conficiendos
475 2236 893 2320 mstimsndssquepecunioe
906 2256 1053 2298 summes.
1086 2236 1217 2301 Etenim

121 2344 222 2410 quum
237 2324 309 2387 teris
321 2321 426 2409 gravis
442 2320 571 2385 nomine
593 2319 819 2404 intelliguntur,
837 2335 873 2382 ut
887 2318 1026 2384 diximus
1046 2322 1077 2383 in
1097 2322 1215 2405 Dispu-

121 2410 244 2473 tutione
263 2407 466 2492 procedenti,
489 2428 572 2470 usses
596 2404 735 2488 librales,¹
752 2405 823 2489 quis
841 2406 908 2490 ejus
923 2427 997 2469 usus
1018 2427 1084 2469 esse
1104 2407 1215 2472 debuit

121 2508 195 2579 post
206 2494 326 2558 levatos
338 2515 432 2568 usses
447 2504 480 2555 ct
493 2490 534 2555 sd
548 2491 673 2555 unciam
687 2490 842 2556 redactos.
904 2527 910 2536 ·
1292 2551 1295 2552 γ

166 2579 228 2644 ills
250 2578 418 2643 difficultas
443 2577 639 2642 doctissimos
660 2578 755 2648 viros,
779 2576 977 2649 salmasium,
1002 2577 1211 2656 Gronovium,

122 2664 309 2744 Kusterum,
326 2663 537 2741 Perimnium,
554 2684 618 2726 nou
634 2661 835 2727 mediocriter
849 2662 1000 2736 exercuit,
1017 2674 1048 2726 et
1063 2661 1095 2742 in
1112 2662 1213 2727 varies

119 2749 213 2815 scidit
226 2753 408 2814 sententies:
429 2771 510 2837 quas
524 2760 674 2814 tractulus
687 2749 741 2834 qui
758 2745 863 2811 ridere
874 2746 1017 2821 voluerit,
1033 2748 1126 2812 sdest
1137 2749 1214 2813 Dis-

119 2837 322 2901 sertatiouem
345 2835 548 2900 eruditissimi
572 2847 606 2898 et
627 2834 799 2898 acutissimi
823 2833 880 2896 viri
902 2834 972 2898 Jsc.
993 2832 1150 2898 Perimrnii
1172 2833 1214 2901 de

121 2921 203 2987 AEre
216 2925 323 3009 gravi:
345 2922 378 2985 in
395 2943 457 3006 qus
471 2933 539 2986 tots
556 2943 607 2984 res
627 2934 774 2994 sccurste
793 2920 1012 3004 perpenditur,
1028 2941 1085 2984 uec
1107 2935 1213 2985 tamen

119 3007 212 3072 nobis
225 3008 291 3070 viss
306 3018 353 3070 est
365 3006 461 3092 plene
475 3006 514 3069 nd
532 3005 686 3092 liquidum
708 3004 851 3089 perduci,
867 3027 931 3068 non
948 3005 1111 3068 scribentis
1125 3006 1212 3085 vitio,

118 3093 233 3243 tlt
246 3091 900 3242 {ttttiltttlboettttttl‘tt
913 3088 1212 3258 illiniti
1302 3173 1303 3180 Ν

802 3218 812 3250 2

117 3264 200 3328 fesso
212 3286 234 3328 e
247 3262 454 3347 scriptoribus
466 3199 614 3347 (indquis
633 3259 829 3342 disceptetis,
844 3273 876 3322 et
891 3259 923 3321 in
940 3270 1120 3322 transcursu
1141 3269 1212 3322 ten·
1279 3264 1282 3270 '
1360 3267 1362 3271 '

117 3362 188 3413 tum
201 3348 338 3412 breviter
352 3348 393 3412 sb
408 3350 446 3411 iis
459 3349 638 3432 raptimque
652 3344 809 3409 iudicstoe.
1214 3353 1219 3358 “
1261 3343 1270 3425 ’λ

162 3434 202 3498 ln
225 3432 286 3497 huc
300 3434 492 3497 obscuritate
512 3431 667 3515 dispicere
687 3451 840 3494 conemur
859 3429 1012 3512 primum,
1034 3449 1110 3493 num
1132 3429 1211 3516 quid
1359 3455 1362 3463 ¹

117 3540 180 3603 pro
192 3517 280 3582 clero
294 3518 414 3599 heberi,
429 3532 461 3582 et
475 3531 565 3582 extis
584 3518 828 3582 controversiam
851 3537 918 3579 csse
930 3514 1054 3592 debest,
1071 3529 1166 3602 etque
1179 3515 1211 3584 id

118 3621 291 3680 muamus,
313 3615 346 3668 et
359 3602 401 3667 sb
421 3625 461 3666 eo
481 3603 570 3689 quod
590 3602 708 3689 ambigi
723 3616 755 3665 et
770 3623 827 3684 per
847 3601 1018 3688 malignum
1042 3603 1143 3666 lucem
1158 3601 1211 3665 vix

116 3689 150 3754 d'
191 3690 232 3755 ici
246 3701 350 3772 potest
362 3709 561 3773 seponamus.

237 3786 299 3838 stet
324 3780 364 3840 1⁰.
386 3776 509 3859 quoties
533 3774 702 3858 scriptores
721 3772 857 3835 Romani
878 3772 919 3835 de
937 3786 1042 3835 vetere
1061 3771 1117 3834 illo
1136 3783 1344 3855 anunm

119 3860 322 3926 imminutum
338 3860 453 3924 sssium
474 3860 599 3945 pondus
613 3880 683 3923 reso
697 3858 860 3945 loquentes
881 3858 1071 3921 mentionem
1091 3856 1353 3922 {serumserum

118 3947 192 4011 oeris
212 3946 330 4034 gravis,
353 3944 575 4033 intelligendos
600 3966 666 4008 csse
687 3965 771 4008 usses
793 3943 932 4006 librales·
981 3944 1052 4005 Hoc
1074 3933 1347 4033 ntobsutffi?

118 4033 296 4096 testimonis
309 4029 414 4108 Plinii,
431 4030 453 4096 l.
470 4030 647 4098 xxxtlr.
662 4050 690 4093 c.
705 4040 737 4096 3.
752 4042 784 4092 et
800 4029 883 4093 Festi
899 4028 931 4090 in
946 4049 1024 4091 voce
1041 4027 1145 4091 Graue
1157 4046 1209 4092 os.

119 4116 258 4184 Plinium
288 4117 465 4181 audiemus.
512 4117 667 4193 Librales,
698 4115 811 4202 inquit,
841 4115 1093 4196 appendebantur
1120 4133 1209 4179 oues.

121 4205 307 4280 Quorcoeris
316 4205 424 4288 posu
430 4221 527 4285 pose
540 4204 643 4266 dicte·
665 4199 870 4265 Mansuetus
884 4211 931 4263 est
944 4197 1079 4264 sPlinio
1092 4199 1210 4284 exponi

75 4324 78 4328 .
112 4309 339 4375 scsgrsoeper
359 4287 487 4356 librales
501 4309 596 4353 ones.
639 4286 798 4352 Disertius
818 4282 924 4370 sdbue
946 4285 1079 4352 Festus:
1104 4284 1210 4353 Graue
