2942 4750
470 481 529 582 r.
575 476 776 581 n1v11
832 473 1206 581 rnnnvmi
1267 429 1270 434 ’

624 701 852 786 LIBER
887 701 1054 786 XLIII.

741 926 936 969 ἡ·

151 1108 220 1157 un
231 1106 287 1156 ssi.
312 1076 492 1161 EADEM
514 1075 632 1171 astate,
648 1115 711 1181 qua
729 1094 764 1157 in
783 1089 950 1158 Thessalia
964 1091 1120 1180 ¹equestri
1140 1101 1248 1181 pugna
1268 1091 1377 1166 vicera

151 1171 295 1283 gsslnq
314 1177 464 1256 Romani,
479 1178 632 1263 ’legatus
646 1180 681 1243 in
703 1178 864 1266 Illyricum
887 1202 906 1242 a
927 1178 1055 1243 consule
1076 1179 1197 1256 missus,
1220 1175 1378 1261 opulenta

151 1250 273 1360 mm,
296 1262 378 1329 'duo
392 1263 511 1350 oppida
523 1265 555 1328 vi
569 1279 665 1350 atque
679 1266 775 1330 ermis
795 1264 900 1352 co'e‘git
920 1263 954 1326 in
969 1263 1180 1328 deditionem:
1203 1263 1378 1347 omniaque

312 1348 351 1414 iis
372 1373 430 1415 aua
450 1350 614 1432 concessit,
631 1364 668 1415 ut
692 1350 843 1433 opinione
863 1348 1038 1414 clementiae
1059 1371 1124 1429 eos,
1147 1349 1201 1434 qui
1225 1348 1377 1412 Carnun-

313 1446 377 1500 tem
404 1436 558 1500 munitam
579 1436 690 1501 urbem
711 1433 902 1512 incolebant,
925 1434 1082 1498 adiiceret.
1111 1447 1281 1522 postquam
1304 1452 1378 1508 nee,

312 1533 349 1608 ist
377 1520 530 1585 dederent
551 1543 593 1596 se,
623 1521 822 1605 compellere,
848 1542 952 1604 nequa
973 1541 1086 1604 capere
1106 1517 1282 1583 obsidendo
1303 1525 1378 1603 pot·

312 1618 397 1682 erai3
419 1627 460 1670 ne
474 1604 598 1694 duabus
612 1605 902 1690 obpugnationibus
917 1606 1136 1692 nequidquam
1151 1604 1302 1691 fatigatus
1319 1601 1378 1667 mi-

313 1692 359 1757 les
372 1702 463 1771 esset,
477 1694 574 1777 ’quas
588 1691 677 1774 prius
691 1690 824 1754 intactas
838 1690 932 1759 urbes
947 1692 1125 1778 reliquerat,
1141 1689 1285 1772 diripuit.
1320 1684 1379 1752 Ai-

152 1788 284 1837 cuncoa
314 1789 363 1843 ter
387 1777 499 1842 consul
528 1776 567 1841 C.
594 1775 722 1839 Cassius
743 1777 861 1840 necin
884 1775 1001 1854 Gallia,
1024 1797 1120 1861 qoam
1143 1776 1274 1839 sortitus
1296 1782 1377 1851 erat,

152 1860 282 1913 ΜΨ
313 1862 519 1928 memorabile
539 1860 711 1947 quidquam
725 1860 851 1946 ‘gessitt
878 1873 911 1923 et
931 1881 989 1944 per
1009 1861 1170 1947 Illyricum
1193 1860 1313 1924 ducere
1333 1853 1379 1921 le·

313 1950 423 2031 giones
444 1950 477 2011 in
500 1946 724 2012 Macedoniam
747 1965 828 2009 vano
850 1946 977 2027 incepto
998 1959 1044 2008 est
1065 1960 1206 2010 conatus.
1252 1946 1380 2031 Ingres-

313 2043 384 2116 sum
415 2032 476 2094 boc
505 2033 565 2095 iter
590 2030 754 2095 consulem
776 2044 901 2094 senatus
925 2052 965 2092 ex
990 2029 1241 2114 Aquileiensium
1266 2027 1379 2113 legatis

313 2116 479 2202 cognovit:
510 2117 575 2199 qui,
605 2117 771 2201 querentes
800 2114 957 2179 'coloniam
979 2134 1067 2177 suam
1092 2135 1207 2177 novam
1233 2126 1266 2177 et
1287 2112 1377 2179 infir·

315 2222 412 2282 mam,
423 2200 556 2266 necdum
569 2206 644 2265 satis
656 2201 821 2281 munitam,
831 2200 914 2264 inter
929 2199 1055 2264 infestas
1064 2199 1207 2263 nationes
1220 2198 1376 2266 Istrorum

314 2299 347 2352 et
362 2286 545 2373 Illyriorum
559 2310 635 2364 esse,
651 2308 750 2374 quum
767 2296 921 2371 peterent,
937 2298 973 2349 ut
988 2293 1112 2349 senatus
1126 2305 1213 2348 curae
1234 2279 1374 2358 liaberet,

315 2374 476 2461 quomodo
498 2397 536 2438 ea
557 2373 682 2439 colonia
702 2373 890 2450 muniretur,
911 2370 1110 2461 interrogati,
1125 2370 1284 2435 vellentne
1306 2387 1375 2449 eam

314 2481 393 2526 rem'
411 2460 450 2525 C.
476 2461 588 2537 Cassio
609 2454 730 2525 consuli
757 2455 926 2523 mandari?
952 2456 1191 2542 responderunt,
1219 2455 1374 2529 cassium.

317 2547 496 2629 Aquileiam
526 2546 645 2610 indicto
677 2546 829 2621 exercitu,
859 2541 1034 2625 proiectum
1062 2565 1119 2689 per
1152 2538 1314 2626 Illyricum
1343 2540 1377 2600 in

316 2629 541 2692 Macedoniam
555 2650 631 2690 esse.
677 2628 725 2689 Ea
747 2648 796 2688 res
818 2627 923 2709 primo
943 2627 1061 2689 incredi
1086 2628 1233 2692 ilisnisa:
1264 2639 1375 2708 cipro
1420 2644 1430 2667 ⁶

317 2732 350 2774 se
372 2712 442 2794 quis
467 2732 505 2773 ue
526 2710 665 2786 credere,
688 2711 803 2772 Carnis
824 2708 954 2773 forsitan
978 2712 1143 2789 autlstris
1164 2712 1283 2776 bellum
1298 2698 1378 2773 inla-

318 2808 399 2859 tum.
483 2815 536 2856 um
559 2792 786 2880 Aquileienses,
808 2793 890 2857 nihil
910 2817 943 2858 se
964 2795 1048 2860 ultra
1068 2798 1164 2873 scire,
1180 2819 1239 2861 nec
1260 2795 1377 2860 audere

239 2887 242 2891 '
317 2878 496 2956 adfirmare,
513 2900 609 2964 quam
631 2879 760 2957 triginta
773 2878 896 2942 dierum
918 2880 1111 2946 frumentum
1134 2883 1227 2946 militi
1248 2882 1375 2951 datum

214 2984 216 2989 ’
317 2976 350 3029 et
364 2964 469 3041 duces,
485 2964 540 3050 qui
554 2986 595 3028 ex
616 2963 708 3027 Italia
723 2964 835 3028 itinera
848 2965 880 3027 in
903 2964 1127 3031 Macedoniam
1149 2979 1287 3044 nossent,
1302 2982 1378 3030 oon·

264 3078 268 3083 ·
318 3050 449 3138 quisitos
478 3049 703 3135 abductosque.
754 3049 924 3114 Enimvero
954 3064 1080 3117 senatus
1108 3052 1279 3137 indignari,
1308 3062 1377 3114 tan·

319 3149 389 3205 tuna
413 3134 574 3198 consulem
595 3157 717 3213 ausum,
734 3146 770 3199 ut
791 3157 879 3199 suam
900 3139 1094 3220 provinciam
1117 3137 1318 3223 relinqueret,
1342 3132 1375 3196 ln

319 3221 454 3284 alienam
476 3220 639 3297 transiret3
670 3218 844 3284 exercitum
866 3243 950 3286 novo
970 3223 1147 3303 perIculoso
1168 3224 1282 3288 itinere
1295 3224 1376 3287 inter
1446 3244 1449 3267 ⁴

319 3315 443 3386 caeteras
457 3320 565 3384 gentes
583 3305 722 3387 duceret,
738 3307 821 3370 viam
837 3320 885 3370 tot
898 3307 1078 3372 nationibus
1099 3311 1133 3372 in
1156 3308 1282 3373 itallam
1303 3324 1375 3390 ape·
1425 3328 1436 3355 ·

320 3390 405 3459 riret.
450 3391 635 3456 Decernunt
655 3389 843 3477 frequentes,
868 3402 904 3455 ut
927 3392 968 3457 C.
984 3393 1143 3477 Sulpicius
1172 3405 1291 3478 praetor
1313 3402 1373 3456 tres

319 3495 361 3541 ex
388 3490 498 3541 senatu
528 3479 669 3541 nominet
695 3477 827 3564 legatos,
854 3477 910 3562 qui
934 3499 973 3541 eo
1001 3477 1053 3543 die
1073 3479 1315 3564 proficiscantur
1334 3492 1374 3538 ax

352 3682 493 3744 laquata
516 3698 597 3745 pugna
619 3687 692 3731 ulcera
718 3683 832 3748 Rmnasi]
896 3677 1372 3746 zhegataatuittyrtmm..mtml

319 3745 387 3795 vtcti
403 3748 499 3794 meunt
510 3747 614 3794 Romani
630 3762 658 3793 eo
674 3749 833 3808 pratIquuod
866 3746 963 3795 Excidit
981 3762 1070 3796 nomen
1086 3752 1167 3811 iegati.
1199 3745 1374 3811 Nunquamne

318 3812 461 3858 describitur
468 3824 489 3861 c.
498 3810 537 3857 59.
548 3812 603 3857 libri
612 3812 782 3871 precedentiss
794 3825 834 3858 su·
865 3812 1000 3872 auspicatur
1011 3814 1122 3874 Sigonius
1132 3813 1162 3868 Q
1174 3812 1286 3861 Mucium
1294 3810 1374 3860 fulv·

318 3877 423 3936 periore·
438 3876 506 3920 fuere
520 3887 550 3920 eo
566 3877 631 3933 quod
646 3875 749 3920 refertur
759 3888 780 3921 c.
793 3875 832 3921 66.
865 3876 896 3922 tie
906 3889 955 3937 quo
965 3878 1037 3936 paulo
1047 3885 1104 3925 ante
1114 3878 1205 3924 mentio
1215 3879 1280 3925 facta
1290 3879 1327 3922 est
1335 3882 1374 3918 ex·

319 3939 404 4001 ltaque
414 3939 473 4000 legit
484 3939 635 3984 Gronoviusx
657 3939 755 3997 equam
768 3952 831 3998 pag·
862 3943 941 3987 iream
951 3940 1011 3989 libre
1022 3940 1107 3989 XLII.

317 4001 830 4063 mpetmamvteteuetndevtoerettamant
894 4002 1073 4065 senopem
1090 4007 1187 4052 tietmar
1204 4005 1283 4115 «ring
1299 4000 1370 4050 otim.

317 4064 365 4113 Sati
377 4080 454 4127 quum
473 4067 538 4128 prlor
556 4078 639 4127 pugna
656 4061 735 4126 major
753 4066 832 4112 multo
862 4069 1127 4128 quamprieaisrtactam
1144 4069 1231 4116 arum
1280 4062 1372 4137 ίςοῠίῡ*

434 4131 540 4185 emerit,
550 4143 625 4191 quam
641 4127 832 4189 postaticum·
863 4132 976 4187 mutavit,
994 4131 1052 4191 quia
1068 4132 1117 4178 tiuo
1133 4132 1223 4192 oppida
1238 4137 1309 4194 eapte
1322 4127 1372 4173 lut·

315 4187 397 4236 (llmus
430 4193 737 4256 ‘riumpotiusoertpstssea
754 4204 830 4253 equet-
860 4200 922 4239 rana

316 4250 351 4295 m
357 4264 441 4313 pugna
451 4257 582 4318 oleum
591 4256 699 4305 mass
