2942 4750
411 161 503 225 tls.
524 160 627 224 XLII.
659 162 763 223 CAP.
782 161 849 223 XV.
1122 171 1164 233 47

109 394 113 399 ,
136 325 234 397 xlv.
257 324 341 392 Haec
363 327 467 393 oratio
486 327 589 391 morit
602 327 716 393 Patres
737 324 945 409 conscriptos.
968 336 1107 392 ceterum
1128 332 1202 397 inu.
1214 349 1240 397 c
1252 344 1309 398 tte

94 413 265 499 prumtis
285 412 378 491 nihil,
401 425 617 499 praeterquam
640 412 735 478 fuisse
765 412 798 474 in
828 411 919 493 curia
940 431 1061 497 regem,
1084 411 1240 490 scireut·
1252 411 1307 490 ¹1¹2

96 499 264 584 quisquam
285 499 409 583 potuit:
433 520 473 562 eo
487 499 618 563 silentio
639 499 745 563 clausa
765 497 855 561 curia
876 506 955 559 erat
979 496 1063 561 bello
1076 478 1322 588 ‹teni-¹3¹3&

95 604 157 669 qne
179 583 332 668 perfeeto,
348 606 483 669 queque
504 584 591 648 dicta
615 586 656 647 ab
681 605 767 673 rege,
783 604 919 668 quaeque
943 602 1096 666 responsa
1118 605 1248 651 escum

94 680 172 744 sent,
194 688 391 733 emanavere.
437 668 546 733 Persei
571 669 685 733 deinde
706 670 789 754 regis
813 667 927 754 legatis
946 679 1022 752 post
1045 682 1328 752 paucostsgaura-

94 753 162 823 dies
176 766 304 819 senatm
320 753 413 818 datus
431 767 487 817 est.
533 753 696 831 Ceterum,
711 752 940 837 praeoccupatis
954 773 1018 816 non
1035 749 1217 819 auribusml

94 839 207 925 magis,
222 861 318 922 quam
334 838 459 915 animis,
474 838 516 902 ab
532 837 676 903 Eumene
697 860 784 925 rege,
800 837 905 900 omnis
925 850 958 900 et
976 839 1120 902 defensio
1134 854 1167 904 et

94 922 277 1008 deprecatio
303 927 481 1010 legatorum
508 925 734 1008 respuebatur:
764 937 797 986 et
820 924 1019 1005 exasperavit
1042 924 1166 988 animos

93 1008 243 1073 ⁴'ferocia
265 1009 364 1073 animi
387 1007 535 1093 Harpali,
558 1008 614 1093 qui
634 1008 782 1092 princeps
809 1007 975 1091 legationis
996 1024 1075 1073 erat.
1120 1010 1166 1088 Is,

94 1096 172 1165 nelle
184 1096 305 1177 quidem
321 1104 349 1156 et
363 1094 515 1170 laborare,
527 1094 620 1170 dixit,
636 1116 744 1178 regern,
756 1103 791 1157 ut
799 1096 963 1178 purganti,
975 1116 1008 1157 se
1020 1096 1098 1157 nibil
1111 1098 1167 1159 bo·

39 1226 79 1279 l
96 1181 168 1244 stile
188 1181 307 1243 &aisse
321 1176 590 1262 mesecisse,fides
605 1179 770 1243 habeatur.-
784 1187 923 1254 caeram,
939 1180 967 1242 si
973 1182 1169 1261 pessimius

13 1274 23 1292 '
96 1284 237 1328 mesum
252 1263 326 1328 belli
339 1265 438 1347 qimi
451 1261 655 1344 videat,sorti
668 1266 774 1327 auimo
789 1259 979 1343 defensum
993 1286 1036 1329 se.
1073 1265 1168 1329 Mor-

95 1359 159 1413 tera
172 1369 352 1413 communem
367 1370 439 1426 esse,
455 1360 486 1412 et
500 1360 634 1413 enarrem
657 1351 800 1414 inca-trem
821 1348 898 1410 belli.
943 1347 1102 1414 Omnibus
1123 1351 1168 1414 ci-

96 1434 248 1499 vitatibus
263 1433 400 1499 Graeciae
419 1447 513 1519 atque
529 1434 616 1497 Asiae
638 1454 725 1497 curae
746 1444 824 1508 erat,
840 1431 916 1517 quid
941 1432 1046 1497 Persei
1063 1438 1168 1519 legati,

97 1519 179 1606 quid
195 1519 354 1585 Eumenes
368 1518 403 1583 in
418 1534 530 1583 senatu
550 1519 683 1603 egisset:
706 1531 739 1580 et
756 1531 887 1602 propter
904 1518 1073 1584 adventum
1090 1522 1168 1606 ejus,

97 1625 197 1689 quern
211 1618 373 1668 moturum
395 1603 515 1690 aliquid
538 1607 697 1680 rebantur,
713 1603 865 1667 miserant
886 1603 1047 1693 pleroeque
1060 1605 1170 1670 eisita-

99 1703 161 1766 tes,
178 1687 239 1752 alia
262 1689 451 1775 inspeciem
475 1687 686 1773 praeferentes,
708 1689 840 1776 legatos.
862 1691 927 1753 ⁴’et
945 1690 1062 1773 legatio
1079 1689 1171 1754 Rho-

98 1774 226 1839 diorum
241 1788 318 1852 erat,
335 1797 373 1841 ae
388 1776 520 1860 Satyrus
535 1774 693 1859 princeps,
709 1774 795 1840 haud
812 1773 938 1849 dubius,
954 1776 1034 1859 quin
1050 1775 1171 1837 Eume-

97 1881 156 1925 nes
169 1860 327 1926 civitatem
344 1880 473 1945 quoque
485 1882 574 1925 suam
591 1858 699 1926 Persei
710 1858 1073 1943 criminibusjnnxisset
1106 1859 1171 1924 Ita·

97 1967 163 2031 que
176 1947 264 2010 omni
280 1945 379 2009 modo
399 1968 457 2029 per
477 1958 628 2029 patronos
647 1945 851 2030 hospitesque
874 1943 1074 2028 disceptandi
1095 1968 1170 2009 cum

99 2051 176 2116 rege
190 2033 297 2096 locum
320 2032 355 2093 in
379 2044 490 2095 senatu
510 2030 684 2116 quoerebat.
729 2031 827 2108 Quod
850 2051 948 2115 quum
974 2030 1168 2132 contigisset,
1177 2053 1333 2101 humanm
1394 2040 1404 2067 ¹

98 2114 245 2181 libertate
259 2115 522 2199 intemperantius
545 2116 685 2181 invectus
700 2117 735 2180 in
750 2138 867 2203 regem,
884 2115 971 2202 quod
993 2115 1216 2201 Lyciorumtra
1226 2118 1318 2165 Eme

95 2214 226 2288 gentem
241 2201 393 2265 adsersus
409 2200 555 2265 Rhodios
576 2202 775 2277 concitasset,
796 2202 987 2287 graviorque
1008 2202 1097 2265 Asiae
1121 2183 1320 2293 esfflm

97 2298 158 2362 set,
174 2307 273 2367 quam
289 2283 469 2349 Antiochus
482 2284 612 2362 fuisset3
636 2284 822 2367 popularem
838 2285 968 2370 quidem
990 2307 1027 2347 ac
1047 2299 1173 2371 gratam

96 2369 233 2456 populis
247 2367 332 2429 Asiae
344 2372 432 2450 (nam
448 2391 487 2434 eo
501 2391 628 2450 quoque
638 2369 705 2449 jam
719 2368 808 2430 saror
823 2368 933 2431 Persei
947 2372 1088 2447 venerat)
1104 2392 1175 2432 ora·

96 2456 226 2520 tionem
240 2448 373 2514 habuit:
397 2462 538 2512 ceterum
552 2450 688 2509 inrisam
701 2450 834 2521 senatui,
850 2449 1057 2531 inutilemque
1071 2451 1130 2514 sibi
1145 2467 1177 2518 st

96 2537 225 2606 civitati
248 2557 326 2597 suae.
369 2532 509 2596 Eumeni
524 2552 599 2594 vero
613 2528 805 2613 conspiratio
824 2529 976 2595 adversus
990 2554 1074 2612 eum,
1089 2535 1176 2600 favo·

28 2669 36 2688 .
98 2645 172 2692 rem
187 2620 274 2706 apud
292 2619 457 2684 Romanos
472 2614 557 2682 fecit.
573 2617 617 2681 ita
631 2635 742 2680 omnes
757 2615 787 2680 ei
801 2614 938 2680 honores
952 2615 1062 2700 habiti,
1073 2620 1173 2687 dous·

101 2731 167 2796 que
180 2703 486 2794 quamamplissiura
506 2700 591 2780 data,
607 2721 681 2768 cum
702 2700 780 2767 sella
797 2701 900 2768 curuli
922 2713 1018 2790 atque
1031 2705 1173 2774 eburneo
1217 2727 1222 2734 ·

97 2817 148 2860 ser
171 2816 254 2859 rone.

147 2816 227 2945 liv.
249 2878 479 2967 legationibus
488 2876 635 2956 dimissis,
647 2899 748 2964 quum
761 2878 935 2965 Harpalus,
951 2882 972 2915 ‘⁰
983 2894 1101 2966 quanta
1114 2905 1171 2948 ex·

99 2966 183 3031 imia
203 2964 363 3032 celeritate
383 2974 518 3049 poterat,
532 2985 693 3052 regressus
715 2965 749 3028 in
773 2964 1010 3045 Macedoniam,
1023 2968 1173 3031 nuncias-

102 3051 242 3138 setregi,
259 3051 402 3115 nondum
438 3050 543 3114 uidem
559 3061 707 3134 parantes
729 3049 846 3114 bellum
869 3051 1034 3136 reliquisse
1055 3072 1089 3114 se
1105 3051 1173 3114 Ro-

102 3158 228 3214 manos,
244 3136 298 3200 sed
322 3137 368 3204 ita
392 3135 400 3151 ‘
437 3145 528 3212 astos,
545 3148 581 3199 ut
601 3136 694 3200 facile
716 3134 893 3220 adpareret,
909 3156 974 3200 non
997 3135 1151 3201 dilaturos
1162 3160 1172 3213 3

102 3236 137 3288 et
158 3223 241 3307 ipse,
254 3233 469 3307 preterquam
483 3220 570 3305 quod
594 3233 627 3285 et
646 3220 692 3285 its
711 3218 859 3286 credebat
870 3221 1024 3300 futurum,
1034 3223 1102 3307 jam
1126 3238 1173 3289 et-

13 3291 52 3380 '.
104 3308 172 3374 iam
186 3306 323 3384 volebat,
337 3308 400 3372 ‘'in
414 3307 494 3370 flore
507 3305 623 3371 virium
637 3328 671 3370 se
684 3307 815 3371 eredens
835 3329 911 3372 esse.
955 3307 1093 3373 Eumeni
1115 3318 1210 3379 au-'rn
1223 3327 1313 3376 nume

105 3405 142 3457 te
156 3415 265 3457 omnes
286 3392 418 3457 infestus
441 3405 528 3456 erat:
555 3414 575 3455 a
594 3393 689 3477 ,eujus
713 3392 868 3475 sanguine
893 3392 1020 3457 ordiens
1041 3393 1303 3473 betramum

106 3477 295 3543 Evandrum
308 3479 502 3556 Cretensem,
513 3476 629 3542 ducen's
638 3475 841 3557 auxiliorum,
850 3491 881 3543 et
892 3477 1087 3547 Macedonas
1097 3494 1171 3559 tres,
1180 3471 1325 3570 mma,

106 3564 257 3629 adsuetos
272 3563 452 3629 ministeriis
467 3561 576 3628 talium
591 3562 780 3644 facinorum,
795 3563 834 3628 ad
852 3563 973 3629 cadem
994 3567 1077 3650 regis
1099 3538 1244 3638 subssia

104 3664 218 3715 ornat:
241 3649 409 3737 literaeque
423 3648 469 3715 eis
483 3649 538 3714 dat
552 3645 591 3713 ad
609 3647 716 3713 Praxo
729 3648 898 3734 hospitam,
908 3651 1084 3738 principem
1098 3676 1174 3720 auc·

123 3819 288 3870 aemma
314 3822 389 3867 sam
410 3818 527 3881 Harpali]
558 3819 625 3866 Reus
688 3820 719 3867 51
737 3821 842 3880 Instare
863 3822 1175 3884 mmeramme]

105 3885 205 3930 ridetur
215 3884 316 3929 inversis
326 3885 414 3931 litteris
426 3884 555 3930 emendare
566 3883 626 3929 Gro·
658 3883 763 3931 Credam
773 3885 1176 3948 sibirires,idest,eoplas,appa·

106 3947 212 3996 noviusr
221 3945 314 4008 ferocia
323 3948 397 3996 abab
407 3946 528 4007 Hospes·
657 3954 734 4003 ratus,
746 3961 813 4011 opes.
824 3952 907 3998 omma
917 3953 1021 4012 denique
1035 3951 1066 3995 ad
1083 3947 1176 3992 bellum

137 4010 175 4058 »te
197 4010 234 4057 Et
264 4009 351 4071 mio
383 4007 527 4057 mmmm
563 4009 626 4074 crat]
658 4011 754 4059 fortiter
774 4013 925 4076 feliciterque
948 4014 1085 4076 gmsndum
1106 4005 1177 4069 adju-

106 4073 628 4135 mmoumpuurexetdtasuiqmaqua-
659 4070 1177 4139 mmmminipossmtnlpsolnte-

105 4135 530 4197 tarmer21nerostemetlegatta
658 4133 1177 4201 pairanorisvtgorezaeprolndslisjam

138 4201 174 4247 to
199 4200 294 4257 masto
322 4201 419 4263 mimis]
458 4199 530 4262 tegra
560 4203 627 4251 idern
658 4205 876 4268 rumpam

106 4263 467 4329 &onustusque-tamasim
