2942 4750
425 166 626 228 LIBROR.
649 164 861 227 DEPERD.
1113 172 1174 238 227

106 322 208 409 Quum
228 331 267 395 L
283 330 455 395 Scribonius
474 333 612 395 tribunus
622 332 723 415 plebis
743 335 926 416 rogationem
946 337 1171 419 promulgasset,

104 429 140 482 ut
151 419 306 493 Lusitani,
322 419 343 450 ⁸³
352 421 415 501 qui,
428 419 561 499 infidenr
570 420 683 500 populi
690 420 825 481 Romani
839 420 946 495 dadin,
956 442 977 479 a
988 421 1053 485 ser.
1068 421 1173 484 Galba

105 505 169 566 '‘in
187 503 329 566 Galliam
350 507 506 579 uenissent,
522 505 555 565 in
577 505 741 566 libertatem
763 506 1003 580 restituerentur,
1027 507 1076 569 M.
1094 508 1172 570 Cato

105 591 255 653 acerrime
274 591 382 652 suasit.
404 598 500 651 eustat
522 592 624 651 oratio
646 591 679 651 in
690 589 859 652 Annalibus
873 590 935 672 ejus
956 591 1088 667 inclusa.⁴
1132 592 1173 668 Q.
1225 647 1230 655 .

106 677 236 739 Fuluius
252 674 399 754 Nobilior,
414 676 435 707 ³⁸
446 685 476 737 et
490 696 570 756 sape
583 674 622 736 ab
636 695 671 737 eo
685 675 717 736 in
731 685 839 737 senatu
849 675 1006 753 uenatus,
1019 679 1175 759 respondit

102 780 164 844 pro
180 759 295 824 Galba.
318 763 383 841 ipse
396 783 511 843 quoque
528 761 641 837 Galba,
655 780 742 843 qaum
757 782 788 823 se
801 763 946 823 damnari
959 762 1079 838 uideret,
1095 784 1173 826 com·

100 848 213 930 plenus
234 848 307 907 duas
314 847 406 927 filios
414 855 624 927 pratectutos,
638 842 661 877 '⁰
672 856 702 908 et
722 847 853 927 Sulpicii
872 847 961 909 Galli
959 849 1077 929 filium,
1091 847 1174 931 cnjus

107 941 188 995 tritor
201 941 279 1009 erat,
293 931 338 993 itu
359 932 570 995 miserabiliter
584 953 646 1012 pro
667 952 698 993 se
718 934 832 995 locutus
845 943 898 1012 est,
913 944 946 995 at
960 934 1078 1016 rogatio
1092 935 1173 997 ariti-

22 1070 26 1081 .
106 1025 265 1102 quaretur.
287 1026 408 1079 exstant
420 1026 480 1079 tres
493 1019 645 1079 orationes
658 1017 735 1097 quis.-
759 1019 780 1051 ³²
790 1019 859 1080 dna
871 1020 1012 1082 adversus
1026 1021 1174 1083 Libonem

107 1103 261 1166 tribunum
269 1101 368 1183 plebis
381 1105 626 1186 rogationemque
639 1102 711 1186 ejus,
726 1104 841 1166 babitu
855 1105 892 1165 de
906 1105 1091 1167 Lusitanis.-
1111 1126 1175 1169 una

108 1198 213 1252 contra
228 1188 269 1249 L.
287 1187 456 1250 Cornelium
472 1187 641 1270 Cethegum,
657 1192 689 1251 iu
712 1210 773 1271 qua
786 1190 956 1252 Lusitanos
963 1200 1090 1271 propter
1110 1210 1175 1253 sese

107 1283 211 1337 castra
230 1274 373 1335 babentes
393 1293 483 1336 casos
485 1273 619 1356 fatetur,
635 1276 716 1355 quod
736 1284 915 1354 compertum
935 1276 1086 1349 babrrerit,
1101 1278 1178 1359 equo

107 1369 201 1443 atque
213 1359 327 1421 immine
340 1378 395 1419 suo
409 1359 471 1421 ritu
486 1359 645 1435 immolatis,
655 1379 717 1440 per
737 1360 864 1439 aperiero
878 1360 970 1439 pacis
991 1362 1109 1423 adoriri
1122 1383 1175 1423 es-

106 1445 228 1509 crcitum
252 1465 336 1507 nsum
359 1444 393 1504 in
412 1444 511 1506 animo
531 1443 681 1506 babuisse.
724 1443 894 1507 Andriscus
909 1446 1044 1526 quidam,
1059 1447 1175 1509 ultima’

106 1531 200 1595 sortis
222 1530 317 1604 bomo,
332 1531 440 1593 Persei
463 1530 544 1612 regis
564 1548 597 1590 se
607 1528 840 1611 filiumserens,
866 1538 896 1592 et
918 1539 1033 1593 mutato
1058 1533 1176 1595 nomine

109 1617 278 1697 Philippus
299 1624 432 1693 uocatas,
447 1635 534 1697 quum
556 1613 595 1675 ub
617 1615 689 1676 urbe
707 1614 859 1689 Romana,
876 1637 933 1698 quo
958 1617 1041 1679 illum
1063 1618 1176 1679 Deme-

107 1703 186 1765 trius
199 1701 299 1784 syrie
312 1722 367 1763 rec
382 1701 419 1761 ob
436 1701 491 1761 boc
509 1699 604 1781 ipsum
625 1701 812 1762 mendacium
822 1776 824 1781 ,
833 1700 965 1776 miserat,
981 1704 1058 1763 clam
1065 1701 1177 1782 priffu·

132 1788 213 1864 isset,
228 1786 328 1849 multis
341 1782 508 1865 adsalsam
523 1784 745 1868 ejnsfahnlam,
761 1788 842 1849 uelut
863 1788 906 1848 ad
919 1807 1030 1860 ueram,
1045 1786 1177 1848 maenti-

106 1809 172 1947 bru,
188 1880 342 1934 contracto
355 1871 498 1946 exercitu,
516 1880 608 1934 totam
623 1870 843 1934 Macedoniam
858 1881 912 1935 aut
926 1872 1080 1934 uoluntate
1094 1872 1177 1935 inco-

110 1959 246 2034 lentium,
261 1956 420 2021 autumnis
435 1959 602 2039 occupauit.
645 1957 795 2019 Fabulam
816 1966 915 2020 autem
932 1957 1176 2039 talemstnuerat.

111 2043 166 2107 Ee
172 2042 285 2125 pellice
293 2064 324 2107 se
338 2052 368 2106 et
379 2045 493 2107 Perseo
506 2065 577 2125 rege
591 2052 700 2118 ortum,
713 2043 859 2105 traditum
874 2045 1058 2106 educandum
1073 2044 1095 2075 ³⁸
1103 2044 1177 2107 Cre-

110 2130 190 2192 tensi
203 2130 319 2191 caidum
333 2149 405 2206 esse,
420 2137 454 2190 ut
469 2130 502 2190 in
522 2128 591 2190 bciii
610 2148 706 2204 casas,
722 2130 803 2211 quod
822 2129 874 2191 ille
889 2151 952 2192 cum
967 2130 1113 2193 Romanis
1123 2152 1178 2214 ge·

109 2225 200 2293 reret,
214 2215 343 2297 aliquod
356 2216 436 2276 uelut
455 2233 552 2275 semen
573 2214 669 2293 regite
685 2214 792 2292 stirpis
813 2223 958 2274 exstaret.
1000 2215 1113 2276 Perseo
1127 2217 1180 2277 de-

13 2296 20 2315 ’
113 2310 240 2374 martiro,
256 2298 450 2380 Adramyttei
463 2317 495 2357 se
508 2297 663 2357 educatum
684 2317 774 2378 usque
788 2298 832 2355 ud
852 2297 1053 2357 duodecimam
1068 2318 1181 2360 annum

111 2387 224 2461 celatis,
233 2392 357 2464 patrem
377 2401 442 2442 eum
457 2401 519 2441 esse
531 2382 706 2452 credentem,
722 2400 743 2438 a
764 2398 823 2458 qua
844 2381 1028 2455 educaretur,
1041 2381 1182 2462 Quonim

108 2470 234 2554 generis
235 2466 341 2549 finisse
354 2467 412 2527 sui.
434 2464 553 2546 arlsecto
567 2463 676 2523 deinde
688 2482 732 2536 eo,
746 2482 837 2543 quum
846 2482 943 2542 prope
955 2465 998 2523 ad
1011 2465 1184 2546 vitaflnem

113 2553 251 2616 ultimum
267 2559 352 2628 esset,
367 2551 388 2582 ³⁹
398 2550 543 2611 detectum
564 2547 686 2610 tandem
700 2546 744 2609 ibi
764 2546 909 2629 originem
929 2549 1185 2633 suamsalsaeque

114 2638 211 2701 matri
226 2635 360 2698 libellam
385 2637 501 2709 datum,
515 2634 601 2716 signo
620 2633 730 2696 Persei
743 2634 824 2713 regis
842 2632 1001 2715 signatum,
1017 2655 1102 2717 quem
1123 2636 1185 2699 sibi

63 2723 85 2795 i
114 2724 263 2798 traderet,
278 2741 368 2805 qsnsm
381 2721 424 2800 ad
439 2719 584 2802 puberem
604 2726 723 2781 ertatem
746 2719 895 2782 uenisset:
917 2718 1184 2806 obtestationesque

24 2835 97 2890 Α..

115 2957 253 3006 Gronovius
268 2955 379 3003 somniem
387 2953 501 3018 juberent.
535 2950 632 3000 Etenim
695 2953 729 3001 st
746 2952 808 2999 Dua
822 2953 942 3000 aduersum
958 2954 1067 3001 Libonem
1079 2985 1085 2998 .
1095 2984 1102 2997 .
1114 2967 1183 3014 roga·

118 3018 634 3079 rtumurnstnonposussimetligintst
665 3016 792 3076 Msemqrsc
817 3020 866 3078 ejice
891 3017 974 3062 babitu
997 3019 1024 3064 de
1050 3017 1183 3077 Manis]

117 3089 147 3135 de
162 3085 284 3145 numus
294 3097 336 3143 per
347 3081 460 3129 mustum
470 3082 533 3128 lutis.
565 3081 635 3127 runc
667 3080 803 3126 Gronovius
824 3082 898 3127 edidit
915 3082 1024 3127 habitam
1063 3080 1110 3126 Sed
1129 3080 1184 3137 quis

116 3157 199 3198 sutem
215 3148 432 3209 pronuntiabuntur
448 3145 571 3204 suffragiu,
586 3158 634 3188 non
667 3156 776 3202 unquam
791 3141 852 3190 dixit
868 3145 948 3190 babere
959 3141 1120 3203 rogationum?
1137 3142 1185 3188 ue-

116 3215 289 3261 scribebantur.
323 3210 518 3257 Nondum.enim
531 3210 572 3253 lex
586 3207 636 3253 ulia
667 3207 786 3252 tinuimus
801 3208 890 3262 tabita,
907 3209 972 3266 quod
989 3211 1067 3252 exstas
1083 3203 1109 3250 in
1125 3211 1184 3252 vett.

38 3299 51 3318 0
117 3277 242 3325 ubalhris
252 3281 310 3322 erat.
581 3277 583 3282 '
668 3271 748 3325 editis,
759 3275 785 3317 et
794 3272 877 3317 mirri-i
888 3272 959 3316 debet
969 3272 1000 3315 sd
1010 3270 1129 3316 motiones.

149 3340 183 3387 33
201 3339 248 3394 Qus
263 3341 289 3385 is
297 3337 371 3399 fldem
382 3335 464 3397 populi
480 3333 582 3381 Rormani
597 3332 635 3379 dc·
699 3334 732 3380 88
750 3335 865 3397 Cretensi]
884 3334 957 3380 Haud
968 3335 1142 3394 scimusrqsio
1153 3331 1186 3379 sit

117 3404 174 3468 diti]
192 3403 230 3449 Sic
241 3409 288 3448 vet.
300 3404 341 3448 liu
353 3402 441 3447 issum
454 3405 558 3446 restatur
569 3398 637 3457 Sigo-
668 3404 720 3443 ortu
736 3398 789 3444 haec
806 3399 883 3442 tactio.
903 3397 984 3450 ,Veis
995 3399 1054 3442 aditi
1066 3398 1185 3444 cinnae.

117 3470 189 3514 nius:
217 3467 251 3512 sic
273 3467 345 3512 habet
367 3469 391 3510 et
417 3463 564 3523 campanus,
589 3461 636 3506 nisi
668 3461 880 3521 Sigoniusexvet.
898 3459 939 3506 lib.
957 3467 981 3507 et
997 3460 1105 3507 Pithoeus
1121 3462 1187 3523 apud

118 3532 184 3593 quad
203 3531 279 3577 edidit
296 3531 322 3574 in
336 3528 393 3589 pide.
431 3527 505 3573 iiuud
526 3528 637 3573 videmus
670 3524 806 3571 Henrnium
818 3525 933 3572 Cretam.

66 3599 75 3620 “
116 3596 193 3657 igitur
206 3608 250 3641 eur
265 3607 350 3641 omnes
363 3592 422 3638 editi
438 3591 580 3637 recentiores
596 3591 638 3635 de·
700 3588 734 3634 39
759 3589 879 3634 Dctcctam
896 3589 939 3633 sibi
960 3589 1051 3646 mntem
1071 3591 1187 3650 miron

117 3659 201 3706 aerim
212 3658 297 3717 populo
313 3657 432 3702 Romana.-
452 3669 508 3717 qure
523 3653 638 3714 loquendi
669 3651 747 3712 mam]
772 3652 879 3705 Quidum
902 3651 961 3706 odiri
979 3661 1035 3699 unte
1060 3654 1186 3715 sigonium

118 3724 201 3770 iorum
211 3723 292 3767 minus
303 3722 444 3767 usimtsem.
669 3716 782 3763 sursunt
794 3715 827 3775 τᾷ
837 3714 888 3768 sibi,
901 3723 928 3762 ut
944 3723 968 3763 et
983 3730 1047 3764 unus
1060 3718 1114 3763 MS.
1126 3718 1187 3762 Gro-

151 3785 185 3832 st
200 3785 232 3831 Im
244 3782 454 3844 Gaiiiauentrrcnl]
487 3780 638 3826 venumdati
670 3779 742 3825 novii.
776 3779 808 3824 Et
824 3793 880 3826 rem
892 3793 922 3826 ex
936 3781 966 3826 iis
982 3796 1037 3841 quae
1053 3785 1188 3838 sequuntur

118 3854 208 3897 ment.
220 3847 222 3851 ’
243 3848 354 3907 Sigonius
369 3847 417 3906 legi
427 3844 501 3907 jussit
511 3845 539 3890 im
550 3842 637 3889 Gallia.
670 3849 735 3904 putet
748 3844 892 3902 Andriorum
904 3857 952 3890 non
968 3845 1056 3890 dixisse
1067 3848 1125 3886 tunc
1135 3840 1188 3895 eibi,

120 3913 186 3960 oiim
198 3914 224 3958 in
236 3911 344 3958 Galliam
662 3908 713 3953 'sud
733 3907 801 3954 iulsoe
822 3907 895 3954 matri
922 3910 1041 3954 detectum
1069 3904 1188 3961 originem

153 3977 192 4026 35
204 3975 238 4021 Et
248 3989 306 4036 serpe
315 3975 343 4020 ab
353 3973 389 4035 co]
406 3971 541 4025 vellemus,
554 3974 576 4017 rt
591 3970 639 4029 iure
671 3984 749 4026 sunm,
761 3983 817 4030 quae
827 3972 858 4026 ei,
870 3985 947 4030 quum
958 3971 989 4016 ad
1000 3970 1115 4028 puberem
1130 3973 1190 4012 ew

120 4053 179 4102 saepe
189 4038 217 4086 ab
227 4053 252 4085 co
262 4040 288 4085 in
298 4040 378 4084 emata
387 4036 505 4081 laceratus.
671 4041 722 4080 tam
732 4035 845 4088 venisset,
853 4035 996 4094 mysterium
1007 4031 1068 4076 iilud
1078 4030 1190 4077 enuntia·

152 4104 185 4153 ss
209 4103 244 4149 ru
265 4101 365 4164 suptus
391 4089 455 4146 aaut
473 4097 566 4159 pssum]
601 4095 640 4143 sse
671 4103 715 4144 res
758 4099 844 4158 ltaque
866 4100 967 4143 usenser
993 4096 1128 4154 tegeremus
1149 4095 1189 4141 uu

121 4169 278 4229 campanum
306 4173 331 4213 ei
352 4164 437 4211 audem
459 4162 571 4208 alludunt
592 4164 641 4207 duo
672 4175 729 4209 cam
747 4161 884 4208 Gronovius
908 4158 1016 4204 &uriam
1034 4155 1124 4204 tandum
1141 4160 1190 4204 ori.

122 4232 196 4278 MSS.
208 4230 332 4278 Gronosdi
366 4227 449 4288 Vulgo
464 4226 574 4287 ctstliunr
587 4225 641 4272 Caii
669 4239 760 4336 m
770 4240 835 4272 ruam
852 4222 924 4285 falsa
945 4222 1025 4278 matri,
1046 4225 1069 4268 ct
1088 4222 1190 4270 libellum

122 4295 232 4357 sapien
703 4359 761 4432 92
