2942 4750
432 255 436 262 '
484 159 576 223 LIB.
595 161 690 223 XLV.
711 162 809 222 CAP.
827 159 864 219 V.
1142 167 1197 228 173

133 321 240 408 'panis
252 319 416 400 decedens,
432 321 608 390 Marcolica
623 324 721 388 nobili
735 324 817 389 urbe
824 333 927 408 capta,
944 320 1079 388 ¹'decem
1089 322 1236 406 pondorJ.
1246 339 1272 386 r.
1284 338 1341 386 ese.

131 409 223 484 auri,
247 421 278 472 et
300 410 423 494 argenti
448 410 513 473 ”ad
536 430 690 474 summam
716 409 849 474 sostenii
871 409 976 472 decies
996 409 1029 471 in
1051 404 1273 472 erariumtuss
1287 401 1343 449 1⁶⁸·

142 492 261 556 retulit.
306 492 433 558 Paullus
458 493 610 558 AEmilins
633 498 753 573 consul,
782 515 882 580 quum
910 505 1022 570 castra,
1046 504 1083 556 ut
1105 509 1353 576 suprarersnuta-

141 575 264 641 dictum
290 590 346 654 est,
372 578 413 643 ad
440 579 525 643 Siras
549 593 643 642 terrae
669 579 892 643 Odomanticae
910 578 1052 654 haberet,
1077 573 1364 662 squammarum·

139 659 251 726 :literas
265 664 305 724 ab
320 685 394 747 rege
409 662 525 727 Perseo
539 685 596 751 per
618 664 770 749 ignobiles
792 663 879 727 treel
939 674 1155 739 toscerneret,
1171 641 1279 727 anum.
1332 727 1336 732 ,

137 746 212 827 ipse
220 746 432 810 inlacrimasse
440 748 555 812 dicitur
564 749 641 811 sorti
649 748 810 812 humanae:
827 769 869 833 qu
934 749 990 833 qni
1000 746 1108 832 paullo
1116 758 1202 826 ante,

141 850 211 894 non
240 844 406 895 contentus
434 854 534 919 regno
566 832 776 908 Macedoniis,
806 832 975 897 Dardanos
1010 831 1204 918 Illyriosque

145 917 371 1003 obpugnnsset,
406 918 659 982 ”Bastarnarum
694 919 858 982 excivisset
893 918 1022 999 auxilia,
1058 917 1085 980 is
1120 929 1201 995 turn,

136 1001 260 1068 amisso
285 1002 436 1078 exercitu,
461 1005 595 1066 extorris
619 1025 729 1089 regno,
750 1004 783 1066 in
805 1024 933 1087 parvam
957 1002 1092 1067 insulam
1115 1023 1202 1068 com-

146 1085 268 1170 pulsus,
291 1086 437 1170 supplex,
458 1086 522 1151 fani
545 1088 706 1172 religione,
729 1109 793 1152 non
816 1088 934 1152 viribus
956 1088 1031 1164 ruia,
1054 1099 1140 1152 tutus
1154 1108 1203 1151 es-

137 1183 204 1234 ·set.
249 1172 313 1236 Sed
341 1187 515 1256 postquam,
541 1174 681 1257 ”Regem
705 1176 819 1239 Peraea
842 1173 959 1236 consuli
984 1174 1100 1236 Paullo
1121 1175 1203 1236 aulu-

147 1265 216 1331 tem,
238 1255 331 1342 legit3
354 1257 586 1321 miserationem
606 1280 733 1324 omnem
754 1257 888 1321 stultitia
907 1257 1082 1404 iqnorantis
1103 1256 1203 1321 fortu-

147 1361 221 1404 nam
237 1363 326 1405 snam
340 1345 466 1407 exemit.
509 1343 620 1427 ltaque
633 1364 823 1427 quamquam
844 1342 878 1404 in
898 1364 932 1405 re
945 1343 1017 1426 iqua
1029 1353 1119 1430 perte
1133 1342 1204 1405 lite·

136 1447 255 1490 .rarnm
270 1428 402 1490 minime
421 1428 517 1514 regias
537 1448 645 1513 preces
665 1439 766 1505 erant,
787 1438 891 1491 tamen
914 1426 981 1490 sine
999 1448 1148 1510 responso
1166 1448 1204 1491 ac

149 1512 215 1578 sine
240 1511 340 1578 literis
361 1534 399 1576 ea
420 1514 537 1599 legatio
563 1511 690 1576 dhuissa
711 1525 769 1576 est.
814 1511 918 1577 Sensit
947 1512 1090 1588 Perseus,
1117 1513 1204 1597 cujus

150 1597 286 1662 nominis
314 1596 562 1668 obliviscendum
590 1597 673 1662 victo
700 1607 799 1662 esset:
835 1597 943 1683 itaque
970 1597 1078 1663 alteras
1105 1594 1205 1661 literre

150 1703 221 1747 cum
237 1682 351 1765 privati
365 1683 503 1746 nominis
517 1681 611 1746 titulo
624 1683 737 1760 m‘ssoe,
753 1694 785 1747 et
798 1683 926 1767 petiere,
942 1695 974 1746 et
986 1684 1030 1746 im
1071 1694 1204 1757 trevere,

149 1779 186 1832 ut
200 1767 297 1853 aliqui
311 1768 443 1832 adeum
466 1769 674 1848 mitterentur,
689 1790 761 1832 cum
783 1770 896 1854 quibus
916 1768 1005 1850 loqui
1045 1774 1159 1829 estetu
1173 1776 1206 1830 et

150 1852 331 1917 conditione
351 1875 417 1916 auoe
437 1852 573 1920 fortune
593 1866 708 1938 posset.
753 1854 847 1918 Missi
867 1865 941 1916 sunt
961 1863 1023 1914 tres
1044 1850 1073 1913 le
1115 1850 1152 1930 ti,
1168 1850 1204 1915 Ρ.

135 1937 316 2013 Lentulus,
343 1940 379 2002 A.
405 1939 584 2003 Postumius
604 1939 753 2019 Albinus,
775 1941 817 2004 A.
842 1936 1011 2003 Antonius.
1090 1934 1146 1999 ihil
1167 1955 1207 1998 ea

149 2021 307 2110 legatione
333 2022 505 2107 perfectum
533 2036 592 2101 est,
623 2024 741 2090 Perseo
769 2025 892 2111 regium
917 2043 1032 2087 nomen
1062 2021 1149 2086 omni
1173 2019 1205 2082 vi

135 2107 368 2192 amplectente,
396 2109 520 2186 Paullo,
542 2123 580 2175 ut
604 2132 638 2173 se
661 2132 781 2194 suaque
797 2110 905 2173 omnia
922 2111 956 2172 in
978 2107 1071 2173 fidem
1093 2119 1125 2171 et
1142 2104 1204 2170 cle·

136 2195 301 2262 mentium
314 2193 426 2275 populi
441 2194 578 2257 Romani
593 2196 798 2275 permitteret,
812 2195 1030 2258 contendente.

136 2315 140 2320 ⁷
195 2278 236 2340 V.
251 2277 341 2339 Dum
358 2276 430 2339 haec
451 2290 598 2362 aguntur,
622 2276 726 2338 classis
748 2277 810 2340 Cn.
825 2277 950 2338 Octavii
967 2275 1204 2340 Samothracam
1214 2286 1301 2337 classe
1309 2287 1359 2334 nc.

149 2373 198 2427 est
212 2359 354 2442 adpulsa.
398 2360 431 2423 Is
446 2381 581 2442 quoque,
596 2359 746 2441 praesenti
759 2358 888 2421 admoto
898 2370 1028 2433 termes,
1041 2359 1136 2421 modo
1147 2359 1288 2421 nri-mm
1297 2352 1329 2397 ’ἃ

137 2447 213 2521 nis,
226 2444 323 2507 modo
332 2464 389 2526 spe
396 2442 554 2525 perlicere,
568 2455 605 2505 ut
614 2464 647 2505 se
657 2440 805 2517 traderet,
817 2461 915 2525 quum
924 2455 1102 2516 conaretur3
1118 2413 1352 2535 adju-,ffl'

149 2532 197 2593 vit
210 2531 245 2592 in
261 2528 321 2591 hoc
335 2548 409 2591 eum
425 2548 484 2603 res,
501 2548 555 2589 seu
566 2538 820 2601 casucontracte,
833 2546 888 2589 sen
899 2524 1041 2590 consilio.
1083 2526 1123 2590 L.
1137 2526 1207 2589 Ati·
1216 2550 1250 2583 n.

57 2668 79 2691 ,
151 2615 214 2679 lius
229 2613 369 2681 inlustris
383 2612 572 2689 adolescens,
584 2630 682 2696 quum
698 2611 730 2673 in
746 2611 898 2675 concione
909 2630 976 2674 esse
986 2610 1139 2695 populum
1150 2612 1208 2676 Sa-

148 2698 351 2764 mothracum
364 2699 504 2761 animum
520 2698 708 2772 advertisset,
721 2718 739 2759 a
751 2695 982 2782 magistratibus
990 2692 1090 2780 petiit,
1101 2707 1137 2760 ut
1147 2697 1207 2761 sibi

149 2784 261 2869 paucis
285 2782 475 2868 adloquendi
501 2782 612 2865 populi
635 2792 819 2865 potestatem
845 2779 993 2846 facerent.
1038 2781 1206 2863 Permisso,

138 2872 264 2953 ,Utrum
286 2890 349 2944 nos,
370 2870 502 2950 hospites
522 2868 738 2944 Saawtkraces,
761 2887 828 2931 nere
849 2869 1024 2949 accepitne,
1048 2888 1089 2931 nn
1102 2868 1206 2951 falso,

138 2960 291 3020 .”sacram
312 2954 391 3016 tanc
411 2954 548 3027 osane,
571 2962 599 3015 et
619 2954 745 3035 augusti
767 2961 860 3014 totam
881 2961 974 3034 atque
994 2953 1135 3016 involuti
1148 2953 1208 3015 soli

150 3044 239 3105 esse?
272 3036 382 3112 Quum
408 3037 537 3107 creditae
561 3036 718 3100 sanctitati
741 3035 968 3099 adsentirentur
993 3056 1113 3110 omnes,
1145 3037 1208 3099 Cer

152 3127 262 3210 igriur,
286 3121 400 3206 inquit,
420 3122 592 3203 ”pedanos
615 3122 766 3184 Ιιοηιὶοὶὼι
791 3123 940 3203 unguine
961 3121 1041 3205 regia
1062 3120 1209 3184 Eumenia

186 3369 215 3415 17
232 3362 483 3426 Decempoadoauri]
494 3356 590 3410 Merces
610 3376 664 3409 nos·
728 3361 756 3408 21
776 3363 864 3423 Regem
896 3361 981 3410 Persen
1009 3362 1106 3425 maruli
1124 3362 1209 3413 Pauus

151 3438 226 3476 trates
238 3429 276 3476 l&
288 3430 371 3474 uncias
381 3429 404 3473 ὅ.
696 3424 997 3487 nterem]8upp1eeeere.
1030 3427 1141 3473 Ceterum
1157 3440 1208 3474 me-

187 3495 217 3540 18
233 3492 274 3538 Ad
290 3504 404 3537 mm
416 3491 513 3538 astans
530 3489 612 3552 Mu}
626 3489 667 3535 Ad
697 3490 745 3535 llus
756 3490 937 3549 viderenrripsn
952 3489 1089 3535 sunnone
1101 3491 1209 3550 epistole

151 3559 219 3604 mille
241 3556 358 3608 martia,
380 3568 431 3608 seu,
453 3555 517 3613 quod
538 3554 602 3599 idem
619 3560 666 3605 est,
698 3553 772 3598 verba
800 3552 894 3600 referi:
924 3552 976 3598 rte
1000 3551 1098 3599 Peraeae
1123 3553 1209 3601 coruli
1281 3592 1305 3615 ιγ

152 3621 274 3667 sestertios
292 3619 371 3665 decies
387 3619 476 3663 centias
496 3617 618 3662 millenosz
641 3616 667 3661 id
699 3614 784 3662 Pauus
794 3612 895 3662 deuna

152 3691 199 3737 est,
211 3679 610 3740 mncasnoatruesargentieson
622 3692 667 3724 un·
731 3678 762 3725 2²
778 3676 875 3725 Sacrum
893 3678 952 3724 dnae
972 3678 1082 3741 mukar]
1105 3680 1143 3726 De
1163 3679 1210 3724 diis
1271 3680 1285 3688 ‘'

152 3743 668 3802 ararescstarumnicprimsadiriousnet
700 3741 884 3789 Samothracem
903 3749 929 3790 et
949 3755 1034 3791 comm
1056 3742 1210 3803 religionibus

151 3811 289 3857 masena
322 3807 428 3853 Mutavit
438 3806 581 3852 Gronovius.
698 3810 800 3864 egerunt
810 3806 890 3860 multi,
901 3808 996 3854 redvix
1010 3808 1141 3867 quidquam
1152 3802 1211 3849 clari

191 3873 221 3918 19
238 3871 316 3926 Quem
335 3870 424 3916 lltterar
441 3869 474 3915 ab
496 3881 550 3928 rege
570 3867 668 3929 Persen!
699 3874 742 3912 aut
763 3868 822 3913 certi
840 3870 979 3917 attulerunt.
1012 3869 1025 3896 ¹
1038 3869 1092 3914 Hoc
1108 3868 1209 3918 canthi,

154 3932 258 3997 Subjicit
284 3934 396 3979 Muretus
421 3933 514 3978 mom:
540 3945 596 3989 quse
621 3944 668 3977 vox
699 3931 754 3977 illas
773 3932 899 3991 religiones
919 3947 962 3993 pro
983 3928 1139 3977 monumen
1159 3932 1210 3973 toto

154 3993 547 4048 memniavidsturneleilatar·
699 3994 942 4042 Orbehabitssesse.
974 3992 1062 4055 †vnt
1080 3989 1208 4039 Diodes-1.

188 4063 220 4108 20
236 4061 407 4109 Bmturnurum
426 4056 543 4103 aevum
568 4057 668 4120 annea]
700 4055 733 4102 V.
745 4057 846 4104 Strnlal.
858 4058 893 4103 X.
905 4058 977 4105 Dion.
990 4054 1068 4100 Helie.
1079 4054 1097 4098 l.
1108 4054 1131 4100 1.

155 4124 239 4171 Prima
250 4123 323 4170 editio
333 4121 434 4167 deleme
451 4118 556 4179 vulgata
566 4121 669 4180 mne
732 4121 765 4168 23
779 4120 899 4168 Peltatam
916 4116 1028 4163 homicida
1044 4117 1156 4176 maine
1174 4133 1211 4168 rr·
1288 4158 1293 4171 ,

152 4192 194 4232 aet.
221 4184 357 4232 Gronovius
371 4184 446 4233 edidit
460 4183 589 4230 anetam
604 4185 669 4245 quod
697 4183 738 4242 gir
747 4183 860 4229 limmata
877 4178 983 4240 violwit]
1000 4178 1065 4240 Lege
1079 4193 1136 4229 cum
1151 4183 1212 4231 Grn-

156 4251 284 4310 perplacet.
701 4246 773 4293 novio
794 4246 846 4292 naa
866 4245 917 4291 ulla
936 4244 1087 4293 cunctatione
1102 4246 1211 4310 pennu
