2942 4750
290 196 329 249 aa
550 208 555 219 ·
607 170 611 179 '
680 185 788 247 rrrr
816 168 954 245 urvrr

133 336 202 424 [tic.
213 373 269 423 sel.
295 352 387 419 Duas
401 352 476 418 inde
496 373 536 415 ex
557 348 682 435 agmine
703 360 823 412 turmas
839 348 1013 425 Thracum,
1029 347 1107 413 duas
1123 342 1353 424 Macedonum,

134 444 165 487 Α·
177 440 203 486 ⁰·
217 439 270 488 ¹⁷¹·
295 462 367 504 cum
384 439 464 503 binis
480 434 678 500 Cretensium
693 433 876 498 cohortibus
890 447 922 498 et
936 434 1111 511 Thracum,
1127 434 1222 498 misit.
1259 433 1354 497 Proe·

134 504 251 565 ”qm
295 525 385 602 lium,
398 542 494 610 quum
507 542 599 605 pares
613 541 748 584 numero
761 531 873 597 essent,
886 541 987 605 neque
1002 520 1043 584 ab
1057 520 1118 587 hac
1131 531 1187 583 aut
1197 519 1252 584 illa
1262 530 1355 603 parte

134 568 252 629 mallum.
296 630 378 677 nova
393 606 510 672 auxilia
532 605 743 682 subvenirent,
759 608 879 671 incerta
893 606 1025 669 victoria
1044 605 1171 669 linitum
1186 620 1242 669 est.
1288 603 1357 667 Etr·

255 696 261 709 “
296 694 395 762 menis
410 691 506 755 ferme
521 692 650 774 triginta
664 691 838 767 intersecti;
861 692 944 755 inter
963 712 1044 777 quos
1068 691 1274 778 Cassignatus
1288 689 1356 752 dux

297 778 463 845 Gallorum
486 777 607 842 cecidit
637 790 669 842 et
683 788 761 841 tuno
775 778 901 862 quidem
918 777 1049 841 Perseus
1064 778 1104 841 ad
1118 777 1286 863 Sycurium
1302 796 1356 837 co·

296 865 362 927 'ias
384 863 518 927 reduxit.
548 875 675 948 postero
689 864 741 927 dic
756 864 840 926 circa
865 862 1005 926 eamdem
1021 862 1131 926 horam
1152 864 1185 926 in
1207 861 1355 926 eumdem

294 887 400 1014 Iocum
416 970 473 1012 rex
487 950 594 1033 copias
609 949 757 1024 admovit,
772 947 921 1033 plaustris
942 968 1014 1012 cum
1037 970 1119 1033 aqua
1140 948 1353 1034 sequentibus.

295 1042 370 1099 'nam
392 1033 559 1098 duodecim
589 1034 720 1097 millium
749 1042 894 1105 'assuum
915 1034 966 1096 via
994 1033 1097 1097 omnis
1119 1034 1185 1098 sinc
1206 1056 1298 1119 aqua,
1322 1041 1356 1096 et

295 1119 425 1208 plurimi
447 1121 585 1204 pulveris
608 1128 692 1184 erat:
717 1055 918 1206 adfectosque
941 1120 1002 1197 siti,
1026 1121 1050 1182 si
1067 1121 1202 1203 ”primo
1223 1123 1254 1182 in
1278 1138 1354 1181 cona

185 1200 189 1209 “
296 1218 405 1279 sectu
434 1206 643 1282 dimicassent,
674 1215 869 1292 pugnaturos
893 1203 987 1268 fuisse
1008 1204 1188 1289 adparebat.
1242 1203 1354 1280 Quum

331 1291 437 1354 omani
453 1294 620 1377 quiessent,
637 1290 824 1355 stationibus
846 1289 940 1354 etiam
961 1291 1045 1353 intra
1065 1290 1183 1354 vallum
1205 1289 1354 1369 reductis,

295 1374 374 1463 regii
390 1399 515 1463 quoque
530 1379 562 1440 in
578 1390 680 1441 castra
694 1377 838 1441 redeunt.
885 1375 961 1439 Hoc
980 1396 1035 1460 per
1058 1376 1180 1462 aliquot
1193 1375 1258 1439 dies
1273 1374 1354 1437 iece-

291 1460 371 1526 ‘runt
392 1475 551 1546 sperantes
572 1463 649 1539 fore,
666 1472 701 1525 ut
725 1463 863 1526 Romani
884 1461 1004 1547 equites
1024 1461 1209 1526 abeuntium
1224 1461 1354 1525 novissi·

294 1569 382 1613 mum
413 1570 528 1634 agmen
553 1547 811 1632 adgrederentur.
846 1548 918 1611 inde
946 1548 1115 1611 certamine
1144 1560 1224 1625 orto,
1255 1567 1354 1633 quum

295 1632 421 1733 Ionqus
437 1656 455 1697 a
470 1633 584 1722 castris
592 1655 645 1695 eos
663 1632 850 1710 elicuissent,
866 1634 967 1714 facile,
982 1633 1093 1697 ubiubi
1111 1645 1222 1711 essent,
1239 1655 1282 1709 se,
1298 1632 1355 1718 qni

293 1726 437 1806 ¹equitatu
453 1729 484 1783 et
496 1718 557 1782 levi
572 1729 731 1781 armatura
744 1718 815 1802 plus
833 1730 968 1803 possent,
984 1741 1188 1784 conversuros
1202 1719 1312 1782 aciem.

339 1805 464 1870 LVIII.
487 1805 659 1888 Postquam
681 1805 842 1887 inceptum
866 1826 929 1867 non
950 1804 1145 1882 succedebat,
1162 1815 1264 1868 castra
1278 1825 1354 1887 pro·

291 1889 367 1970 'pius
383 1890 505 1954 hostem
522 1891 620 1955 movit
634 1910 701 1967 rex,
716 1901 781 1951 eta
798 1890 936 1972 quinque
951 1889 1089 1953 millibus
1104 1908 1252 1973 passuum
1267 1910 1355 1953 coma

296 1972 420 2036 muniit.
447 1975 531 2050 inde,
547 1979 617 2039 luce
638 1976 742 2059 prima
762 1975 795 2035 in
815 1972 937 2052 eodem,
952 1996 1017 2057 quo
1037 1975 1165 2051 solebat,
1182 1975 1253 2039 loeo
1266 1975 1356 2059 pedi·

135 2080 236 2128 pm.
293 2065 364 2133 ,tum
380 2059 446 2122 acic
460 2059 623 2139 instructa,
638 2060 813 2145 equitatum
836 2078 961 2120 omnem
979 2058 1142 2144 levemque
1160 2072 1356 2123 armaturam

134 2145 271 2205 equitum
296 2143 335 2204 ad
350 2155 452 2207 castra
463 2142 603 2220 hostium
618 2146 715 2209 ducit.
759 2142 854 2206 Visus
868 2154 900 2206 et
912 2142 1051 2228 plurium
1071 2156 1103 2207 et
1117 2143 1247 2228 propior
1262 2146 1358 2211 solito

133 2209 277 2319 ffiffl„
294 2226 397 2312 pulvis
420 2229 660 2313 trepidationem
689 2230 723 2293 ln
752 2230 860 2293 eastris
888 2229 1039 2293 Romams
1060 2229 1143 2293 fecit.
1188 2227 1231 2291 Et
1275 2231 1357 2309 rimo

133 2335 278 2386 uumcucn.
295 2315 349 2379 vix
366 2315 520 2381 creditum
535 2316 700 2381 nuncianti
722 2327 779 2393 est,
796 2315 870 2400 quia
891 2315 1049 2399 prioribus
1070 2314 1231 2378 continuis
1242 2250 1354 2381 diebus

295 2421 469 2488 numquam
484 2414 558 2467 ante
575 2404 685 2467 boram
700 2414 844 2488 quartam
861 2399 958 2464 hostis
974 2404 1168 2485 adparuerat.
1198 2411 1266 2464 tum
1281 2403 1356 2466 solis

294 2499 382 2550 ortus
397 2499 474 2551 erat.
501 2489 628 2552 Deiude
643 2485 678 2552 ut
692 2488 833 2571 plurium
847 2485 984 2549 clamore
998 2499 1029 2550 et
1043 2509 1136 2551 cursu
1151 2508 1168 2549 a
1182 2488 1279 2570 portis
1293 2487 1353 2550 du·

295 2570 405 2632 bitatio
431 2583 556 2634 exemta
577 2583 633 2645 est,
647 2570 800 2632 tumultus
822 2570 934 2653 ingens
948 2571 1102 2635 oboritur.
1125 2571 1253 2651 tribuni,
1268 2593 1353 2655 pras*—

288 2650 438 2736 ¹factique,
453 2664 485 2714 et
498 2656 696 2715 centuriones
711 2651 743 2713 iu
760 2653 965 2735 praetorium3
990 2654 1078 2719 miles
1092 2655 1134 2721 ad
1151 2679 1208 2721 sua
1218 2658 1354 2744 'quisque
1422 2649 1433 2669 ’

294 2737 431 2799 tentoria
444 2735 601 2799 discurrit.
646 2735 759 2799 Minus
781 2736 969 2822 quingentos
983 2761 1092 2822 passus
1107 2765 1126 2806 a
1140 2743 1222 2807 vallo
1236 2743 1355 2808 instru-

269 2829 384 2883 (xerat
397 2819 528 2884 Perseus
543 2842 617 2883 suos
631 2820 715 2883 circa
729 2821 898 2899 tumulum,
915 2844 1010 2908 quem
1026 2826 1213 2891 Callicinum
1228 2843 1353 2895 vocant.

289 2901 394 2970 'Laevo
409 2926 508 2970 cornu
532 2904 630 2991 Cotys
645 2926 702 2968 rex
722 2918 859 2990 praeerat
880 2929 952 2971 cum
974 2912 1122 2976 omnibus
1144 2934 1210 2976 suas
1230 2916 1352 3000 gentis:

288 2992 436 3076 'equitum
447 2990 571 3053 ordines
585 2990 834 3072 levisarmatura
848 2994 1035 3078 interposita
1045 2995 1268 3084 distinguebat.
1312 3001 1353 3066 In

285 3075 407 3139 'dextro
417 3096 517 3138 cornu
534 3075 726 3140 Macedones
737 3089 827 3140 erant
837 3079 969 3164 equites:
992 3081 1354 3150 intemixuturmiseo-

285 3179 365 3223 rum
383 3159 558 3224 Cretenses.
588 3165 608 3197 ⁰⁴
618 3161 708 3226 Huic
722 3173 893 3227 armaturae
909 3164 992 3229 Milo
1008 3167 1177 3243 Beroeaeus,
1193 3171 1353 3251 equitibus

283 3253 325 3307 'et
336 3266 468 3308 summoe
478 3247 577 3330 partis
588 3247 653 3333 ejus
664 3249 1000 3337 Meno'Antigonensis
1011 3265 1155 3334 praeerat.
1178 3254 1353 3323 “Proximi
1456 3271 1462 3293 ⁴

229 3376 236 3390 .
293 3330 442 3393 cornibus
457 3333 659 3397 constiterant
673 3334 752 3418 regii
808 3335 897 3412 uites,
911 3350 942 3399 et
958 3337 1089 3400 mixtum
1103 3361 1214 3424 genus,
1230 3341 1353 3410 delecta

283 3424 289 3431 '
316 3413 433 3479 Iurium
448 3420 590 3504 gentium
605 3419 741 3484 auxilia:
764 3355 957 3484 5⁸(I'atrocles
978 3422 1057 3484 Anti
1102 3427 1206 3489 nensis
1224 3416 1301 3491 bice
1321 3444 1353 3495 et

282 3499 287 3512 ’
324 3502 434 3567 oeoniae
450 3503 615 3588 praeiectus
630 3505 732 3571 Didas
747 3516 838 3569 erant
852 3507 1024 3591 praepositi.
1103 3509 1192 3574 edius
1204 3515 1351 3581 omnium

750 3635 762 3663 ⁶
772 3631 809 3678 las
819 3631 887 3679 crev.

324 3746 488 3798 98⁶Prtmoln
495 3754 624 3817 maspedis]
635 3754 805 3815 stetimusque
836 3762 888 3800 erat
898 3757 946 3804 levi
954 3765 1083 3807 armatma
1090 3760 1249 3814 Manium.
1275 3761 1352 3822 Equi-

292 3812 369 3860 hostis
389 3824 530 3875 conspectus
548 3825 606 3863 erat.
638 3819 678 3863 Ad
697 3831 805 3877 pugnam
837 3819 902 3865 tibus
917 3831 1019 3878 praem
1038 3823 1112 3869 Meno
1128 3825 1311 3884 Antigonensis,
1328 3835 1353 3873 et

291 3878 331 3924 ua
342 3880 449 3939 proxim
465 3880 609 3938 pressans
623 3881 703 3925 anses
713 3882 754 3926 au
766 3895 804 3926 va
836 3883 935 3942 msaper
944 3897 1066 3932 summam
1074 3888 1169 3946 impetn
1180 3888 1205 3932 sn
1216 3889 1262 3934 nac
1273 3896 1352 3949 psas,

291 3941 521 3996 absentantem
540 3950 613 4002 atque
631 3950 804 4002 conspexerant
835 3941 860 3992 ld
870 3954 916 4000 est.
928 3948 954 3994 in
965 3950 1049 3996 dextro
1059 3959 1143 4004 cornu.
1155 3952 1266 3999 habenae

292 4003 388 4051 bostem
399 4006 560 4051 dlmkmem.
587 4005 803 4052 Ceterumnonex·
867 4003 1031 4059 95'Prosinst
1045 4011 1160 4076 mantin]
1176 4017 1289 4077 Intellige
1305 4018 1351 4064 bus

277 4066 365 4122 'plicat
376 4068 468 4123 Llrlur,
484 4082 528 4114 our
543 4075 586 4114 aut
600 4068 666 4114 mne
680 4068 756 4124 sitim,
767 4071 804 4115 in·
835 4073 925 4120 locatos
935 4076 1009 4121 mine
1027 4078 1090 4124 inter
1105 4089 1197 4127 omnus
1205 4087 1232 4127 et
1242 4082 1351 4127 madiam

324 4187 357 4233 96
371 4191 438 4238 Helo
451 4196 588 4258 armatam]
605 4194 675 4247 Milo.
692 4196 803 4244 amnti-
867 4199 899 4246 96
915 4199 1033 4248 raama·
1050 4203 1215 4265 Antigonensis
1235 4206 1294 4269 lde]-
1309 4208 1350 4255 Sic

260 4249 804 4322 ·don‚rlcesumoumhtclegebatur,pta-
831 4258 1125 4324 junistagitlronovsw
1147 4267 1300 4330 vergonto..
