2942 4750
385 182 435 242 Li
443 181 478 241 Β.
499 181 609 243 XLIV.
643 184 742 244 CAP.
760 184 893 246 XXXV.
1116 193 1172 248 rea
1251 235 1256 240 -

11 402 25 418 ,
101 339 243 424 dimisit3
266 342 365 433 vulgo
385 345 483 410 etiam
507 347 663 412 veteranis
687 345 875 426 famus<
892 371 927 413 se
949 346 1006 413 illo
1034 351 1318 434 primamne-rsa

81 430 178 526 '3²4⁰‘
197 444 357 517 tamquam
380 432 507 509 tirones,
528 433 607 518 quid
629 432 790 520 agendum
811 447 893 500 esset
918 434 953 498 iu
979 455 1014 499 re
1034 435 1253 515 militarum*
1266 434 1321 485 ¹⁸⁸³

104 515 263 582 demisse
296 517 372 582 Nou
387 517 585 583 sermonibus
598 529 725 584 tantum
740 520 800 599 his,
816 543 890 586 cum
906 532 1027 606 quanto
1041 521 1177 588 adsensu

107 602 270 668 audissent
291 603 387 668 rerba
403 604 550 682 consulis,
574 605 801 683 ostenderunt3
830 606 887 671 sed
909 628 1017 671 rerum
1036 629 1178 692 praesens

107 688 239 753 effectus
253 701 331 754 erat.
376 690 545 754 Neminem
565 694 638 755 totis
652 687 730 756 brux
751 694 862 757 castris
877 694 1020 779 quietum
1035 693 1313 759 videreerervais

106 796 222 840 acuere
243 776 296 840 alii
310 774 453 863 gladios:
477 775 531 840 alii
544 776 651 863 galeas
665 777 919 863 ”bucculasque
934 790 1023 843 scuta
1037 780 1091 844 alii
1103 779 1178 844 lori·
1187 772 1271 820 mi·

107 882 224 945 casque
240 874 383 948 tergere:
405 862 459 926 alii
474 875 585 946 aptare
596 865 724 948 corpori
736 885 835 942 arma,
848 864 1050 951 experirique
1058 865 1118 930 snb
1130 866 1179 932 bis
1187 849 1255 898 ⁰⁹¹¹*

107 946 328 1012 membrorum
342 948 534 1036 agilitatem:
558 961 688 1033 quatere
698 949 753 1015 alii
764 950 839 1034 pila,
855 951 909 1014 alii
920 951 1040 1015 micare
1054 951 1180 1037 gladiis,

107 1038 126 1070 ’¹
137 1054 389 1119 mucronemque
403 1034 542 1099 intueri:
565 1049 602 1099 ut
613 1035 703 1101 facile
714 1036 786 1121 quis
801 1048 954 1113 cerneret,
967 1036 1023 1101 ubi
1038 1037 1180 1120 primum

109 1120 299 1184 conserendi
313 1142 441 1184 manum
458 1120 638 1185 cumbuste
659 1120 735 1185 data
756 1124 881 1187 occasio
895 1133 987 1200 esset,
1004 1136 1060 1186 aut
1081 1123 1180 1188 victo-

108 1205 161 1271 ria
174 1207 312 1292 egregia,
327 1221 382 1271 aut
395 1219 498 1270 morte
520 1207 719 1273 memorabili
736 1208 903 1288 ”inituros
926 1209 1055 1273 bellum.
1101 1208 1183 1274 Por·

110 1314 183 1356 reus
198 1314 326 1378 quoqne
345 1315 455 1376 quum,
475 1292 611 1358 adventu
633 1293 772 1358 consulis
795 1293 937 1358 simulet
956 1294 1038 1358 reris
1060 1294 1180 1379 princi·

134 1379 179 1449 io,
206 1393 346 1462 strepere
371 1379 479 1442 omnia
509 1379 692 1464 moverique
721 1379 807 1463 apud
836 1380 952 1456 hostes,
982 1382 1068 1444 velut
1096 1401 1181 1446 noro

108 1399 207 1543 bello,
222 1476 374 1545 cerneret,
397 1477 517 1529 motas
533 1464 625 1530 Phila
645 1478 748 1530 castra
766 1466 799 1527 in
820 1465 953 1529 adversa
972 1465 1045 1549 ripa
1064 1466 1179 1551 posita,

109 1571 198 1614 nnnc
221 1550 261 1614 ad
284 1550 531 1634 contemplanda
555 1573 654 1636 opera
676 1573 733 1615 sua
760 1552 925 1616 circumire
945 1551 1070 1629 ducem,
1095 1552 1181 1618 baud

111 1633 209 1699 dubie
223 1637 374 1701 transitus
389 1638 616 1721 speculantem,

488 1773 507 1809 4
636 1768 655 1804 X·
784 1764 803 1800 ’k

112 1865 230 1911 norum
247 1869 326 1911 esse.

159 1932 300 1997 XXXV.
324 1931 409 2008 Quae
431 1954 480 1996 res
505 1932 660 1999 Romanis
682 1934 772 1998 auxit
794 1933 927 2010 animos,
948 1927 1183 1997 Macedonibus

112 2018 244 2104 regique
260 2041 371 2083 eorum
387 2018 472 2082 haud
488 2019 680 2084 mediocrem
697 2020 812 2084 adtulit
826 2032 989 2084 terrorem.
1019 2019 1063 2084 Et
1077 2017 1184 2102 primo

114 2103 312 2190 subprimere
335 2106 366 2168 iu
389 2104 516 2169 occulto
537 2108 655 2170 famam
677 2107 744 2191 ejus
767 2106 812 2170 rei
833 2119 881 2170 est
902 2119 1048 2186 conatus,
1069 2103 1183 2184 missis,

114 2191 169 2276 qui
186 2189 408 2255 Pantauchum
429 2191 507 2253 inde
521 2194 698 2254 venientem
721 2193 979 2276 adpropinquare
1000 2192 1110 2255 castris
1131 2211 1185 2252 ve·

112 2287 230 2339 tarent.
259 2275 345 2337 ”sed
366 2277 432 2359 jam
459 2287 492 2338 et
514 2277 604 2358 pueri
620 2275 748 2358 quidam
770 2278 829 2337 visi
844 2275 885 2337 ab
907 2278 971 2337 suis
994 2288 1083 2337 erant
1102 2275 1186 2337 inter

112 2360 245 2425 obsides
270 2358 308 2421 lll
334 2359 395 2420 rios
409 2359 518 2422 ductis
541 2353 582 2435 e‘t,
597 2363 618 2396 ’⁴
631 2382 694 2442 quo
717 2380 853 2444 quaeque
875 2358 1056 2420 adcuratlus
1073 2378 1187 2420 curan·

112 2460 182 2523 tur,
198 2467 236 2507 eo
249 2381 372 2505 facilius
395 2442 585 2526 loquacitate
606 2445 767 2527 regiorum
790 2440 1007 2503 ministrorum
1030 2451 1188 2503 emanant.

117 2530 190 2597 Sub
205 2530 288 2592 idem
305 2541 430 2611 tempus
453 2526 569 2590 Rhodii
585 2525 680 2611 legati
697 2526 729 2589 in
752 2538 854 2590 castra
875 2536 1030 2588 venerunt
1048 2546 1119 2586 cum
1137 2526 1188 2588 iis-

115 2616 192 2681 dem
210 2614 250 2678 de
264 2635 342 2699 pace
357 2611 525 2688 mandatis,
543 2634 613 2697 quae
636 2612 749 2677 Romae
773 2614 933 2698 ingentem
950 2610 1029 2674 iram
1055 2610 1188 2675 Patrum

55 2710 65 2728 ⁶
116 2702 307 2768 excitavere.
352 2699 459 2762 Multo
482 2698 692 2783 iniquioribus
707 2700 820 2762 animis
842 2721 860 2761 a
882 2695 1031 2762 castrensi
1054 2696 1188 2762 consilio

117 2787 219 2854 auditi
235 2798 318 2850 sunt.
363 2785 475 2871 Itaque
494 2806 590 2868 quum
614 2783 666 2848 alii
682 2784 893 2869 “praecipites
915 2786 982 2847 sine
1004 2789 1187 2867 responso*

117 2872 260 2961 agendos
282 2871 403 2951 castris,
425 2870 658 2955 pronunciavit,
679 2883 751 2957 post
771 2872 856 2934 diem
879 2868 1187 2956 quintumdecimum

118 2982 155 3024 se
184 2979 370 3043 responsum
400 2958 556 3020 daturum.
602 2956 746 3036 Interim,
772 2969 808 3020 nt
835 2957 1010 3039 adpareret,
1033 2968 1188 3039 quantum

117 3045 356 3133 pacificantium
386 3042 588 3108 Rhodiorum
616 3043 786 3106 auctoritas
819 3044 977 3117 valuisset,
1008 3037 1189 3103 consultare

49 3290 58 3309 ·
155 3272 639 3338 wflmmias1Laminastiexilss‚qure
670 3272 897 3332 rissieeaponares
916 3268 1190 3331 numquidnam-

44 3370 63 3395 ,
89 3372 101 3379 -
116 3343 281 3403 pendentese
296 3340 396 3393 casside,
415 3341 502 3385 buccas
518 3338 639 3396 tegebant.
671 3336 746 3381 dones
755 3334 1189 3383 traditiinterceterosobsideaGen·

4 3415 19 3432 ³
122 3404 211 3465 raeque
222 3406 297 3460 enim,
316 3411 344 3450 ut
359 3406 470 3449 obserant
486 3401 552 3461 Lipa.
564 3400 580 3446 l.
594 3399 641 3445 111.
674 3400 718 3454 tlo,
729 3406 754 3444 et
765 3399 858 3446 reducti
875 3400 901 3445 in
919 3398 1191 3445 MacedoniamaPan·

121 3472 157 3516 de
170 3468 243 3515 Milia·
257 3470 328 3514 Rom.
341 3468 404 3513 Dial.
416 3467 439 3512 ὁ.
456 3467 545 3512 chusae
563 3470 642 3518 eant,
674 3464 772 3518 aucun,
787 3463 918 3509 visiands
931 3468 1009 3516 aaut
1028 3476 1117 3523 eosque
1131 3465 1189 3510 edo·

120 3541 151 3580 et
164 3534 241 3579 vultui
255 3546 377 3593 oppressas
393 3532 549 3591 antiquorum
559 3529 643 3589 galeae.
675 3534 785 3582 mserum,
797 3528 891 3588 quidiu
904 3527 1002 3587 illyrico
1011 3534 1189 3587 gesturum

123 3597 174 3644 His
188 3603 283 3644 tantum
295 3596 402 3642 bucculis
413 3609 482 3655 geum
493 3595 643 3653 tegebantur.
708 3591 741 3637 st
762 3590 813 3645 Quo
835 3605 927 3652 querque
952 3593 1082 3638 accuratius
1107 3606 1191 3639 aaran.

161 3661 190 3707 al
211 3661 394 3719 bimaremque
415 3658 513 3719 iatum]
539 3656 645 3703 Videtur
676 3654 728 3727 tar]
740 3656 882 3702 Admodum
891 3656 1191 3715 probabitisestcmnovli

122 3725 225 3783 aliquod
236 3726 310 3770 latere
321 3724 409 3770 vitium
417 3723 443 3767 iu
450 3723 523 3767 verba
532 3722 625 3766 intueri.
674 3726 823 3780 conjectura,
835 3720 945 3766 celentur.

158 3788 189 3836 92
205 3790 310 3835 luituros
327 3787 420 3850 bellum]
438 3786 550 3832 Muretus
561 3786 642 3843 legen·
707 3782 740 3830 95
755 3783 892 3843 Praecipua
911 3785 961 3831 riae
987 3798 1092 3845 respousa
1118 3797 1191 3831 m

122 3856 187 3901 dum
214 3853 337 3899 existimat
355 3853 474 3912 finituros.
519 3848 643 3894 Neutrum
675 3851 727 3894 rent
752 3847 851 3908 egeredus
876 3849 969 3913 metris]
995 3849 1053 3895 Vox
1078 3850 1193 3894 sermm

123 3919 227 3964 rerburn
239 3918 278 3963 hic
290 3917 348 3962 satia
356 3915 475 3975 congruit·
675 3908 770 3974 adjecta
780 3919 816 3958 eat
828 3926 843 3959 a
853 3914 983 3967 Gronovlo,
1002 3913 1045 3973 qul
1059 3910 1120 3957 nihil
1131 3921 1195 3966 pro·

160 3981 191 4028 93
208 3982 316 4043 Scdjum
332 3985 354 4027 ct
371 3975 558 4039 pueriquielum]
576 3976 644 4022 Nihil
677 3983 742 4024 terea
762 3977 829 4023 aliua
845 3978 961 4024 excidisse
980 3981 1058 4035 putat·
1091 3972 1193 4021 nauita

122 4045 268 4093 intricatum
284 4052 321 4090 est
338 4045 363 4090 in
381 4041 474 4088 ambis:
491 4040 534 4085 sed
544 4054 583 4085 res
593 4041 646 4100 ipsa
677 4054 732 4087 mus
744 4048 836 4097 tamen,
847 4054 878 4087 an
889 4041 935 4086 hoc
946 4040 1020 4085 modo
1032 4038 1100 4083 iocus
1114 4047 1194 4095 persa.

123 4123 214 4171 pamm
225 4111 297 4156 clara.
332 4108 357 4154 Si
373 4104 565 4163 suncampus
576 4105 642 4149 intel·
676 4106 800 4152 nunaut.
834 4105 891 4151 Non
908 4101 1033 4148 immerito
1046 4099 1143 4146 ridetm
1158 4099 1194 4147 st-

122 4176 187 4235 liga's
200 4175 296 4221 obsides
307 4188 322 4220 a
333 4171 422 4219 Perseo
437 4168 487 4229 regi
498 4168 587 4214 Gentio
605 4170 646 4214 da·
677 4171 765 4230 genius
773 4166 983 4229 mapiearidcesse
992 4164 1132 4240 membrum
1142 4176 1194 4219 οη.

123 4247 174 4293 tus,
190 4246 216 4285 et
232 4252 248 4285 a
259 4237 401 4285 Pantaucho
418 4234 549 4280 subductos
569 4246 599 4278 ne
618 4233 643 4278 in
675 4235 757 4292 uenia,
769 4235 834 4293 quod
844 4226 1089 4289 tamnominati.
1129 4234 1134 4244 ’

122 4303 296 4351 Romanorum
314 4314 403 4348 manus
421 4298 562 4351 inciderent,
578 4303 643 4356 pote-
1090 4332 1094 4339 .
