<?xml version="1.0" encoding="UTF-8"?>
<!DOCTYPE html PUBLIC "-//W3C//DTD XHTML 1.0 Transitional//EN"
    "http://www.w3.org/TR/xhtml1/DTD/xhtml1-transitional.dtd">
<html xmlns="http://www.w3.org/1999/xhtml" xml:lang="en" lang="en">
 <head>
  <title>
</title>
<meta http-equiv="Content-Type" content="text/html;charset=utf-8" />
  <meta name='ocr-system' content='tesseract 3.04.00' />
  <meta name='ocr-capabilities' content='ocr_page ocr_carea ocr_par ocr_line ocrx_word'/>
</head>
<body>
  <div class='ocr_page' id='page_1' title='image "./tliviipatavinih05crevgoog/tliviipatavinih05crevgoog_0078.png"; bbox 0 0 2942 4750; ppageno 0'>
   <div class='ocr_carea' id='block_1_1' title="bbox 284 238 943 307">
    <p class='ocr_par' dir='ltr' id='par_1_1' title="bbox 284 238 943 307">
     <span class='ocr_line' id='line_1_1' title="bbox 284 238 943 307; baseline -0.009 -3"><span class='ocrx_word' id='word_1_1' title='bbox 284 249 324 307; x_wconf 75' lang='lat'><strong><em>50</em></strong></span> <span class='ocrx_word' id='word_1_2' title='bbox 668 238 943 301; x_wconf 65' lang='lat' dir='ltr'>T1T10L1v11</span> 
     </span>
    </p>
   </div>
   <div class='ocr_carea' id='block_1_2' title="bbox 124 398 1458 3722">
    <p class='ocr_par' dir='ltr' id='par_1_2' title="bbox 124 398 1458 3722">
     <span class='ocr_line' id='line_1_2' title="bbox 124 398 1358 532; baseline -0.004 -63"><span class='ocrx_word' id='word_1_3' title='bbox 124 419 193 532; x_wconf 45' lang='grc' dir='ltr'><strong><em>ἓξ.</em></strong></span> <span class='ocrx_word' id='word_1_4' title='bbox 205 417 261 532; x_wconf 62' lang='lat' dir='ltr'><strong><em>qqq.</em></strong></span> <span class='ocrx_word' id='word_1_5' title='bbox 280 405 340 507; x_wconf 89' lang='lat' dir='ltr'><strong><em>qui</em></strong></span> <span class='ocrx_word' id='word_1_6' title='bbox 353 404 416 469; x_wconf 81' lang='lat' dir='ltr'><strong><em>suin</em></strong></span> <span class='ocrx_word' id='word_1_7' title='bbox 430 409 525 506; x_wconf 86' lang='lat' dir='ltr'><strong><em>armis</em></strong></span> <span class='ocrx_word' id='word_1_8' title='bbox 535 404 702 507; x_wconf 72' lang='lat' dir='ltr'><strong><em>lacessimus,</em></strong></span> <span class='ocrx_word' id='word_1_9' title='bbox 718 406 816 486; x_wconf 80' lang='lat' dir='ltr'><strong><em>quid⁰</em></strong></span> <span class='ocrx_word' id='word_1_10' title='bbox 823 414 926 487; x_wconf 89' lang='lat' dir='ltr'><strong><em>potest</em></strong></span> <span class='ocrx_word' id='word_1_11' title='bbox 944 403 1033 487; x_wconf 90' lang='lat' dir='ltr'><strong><em>queri</em></strong></span> <span class='ocrx_word' id='word_1_12' title='bbox 1053 402 1111 467; x_wconf 87' lang='lat' dir='ltr'><strong><em>sibi</em></strong></span> <span class='ocrx_word' id='word_1_13' title='bbox 1131 402 1286 477; x_wconf 77' lang='lat' dir='ltr'><em>decidisse,</em></span> <span class='ocrx_word' id='word_1_14' title='bbox 1303 398 1358 483; x_wconf 82' lang='lat' dir='ltr'><strong><em>qui</em></strong></span> 
     </span>
     <span class='ocr_line' id='line_1_3' title="bbox 186 487 1354 573; baseline -0.007 -17"><span class='ocrx_word' id='word_1_15' title='bbox 186 516 193 531; x_wconf 88' lang='lat'><strong>·</strong></span> <span class='ocrx_word' id='word_1_16' title='bbox 252 516 260 532; x_wconf 88' lang='lat'><strong>·</strong></span> <span class='ocrx_word' id='word_1_17' title='bbox 287 512 394 557; x_wconf 83' lang='lat' dir='ltr'><strong><em>caussa</em></strong></span> <span class='ocrx_word' id='word_1_18' title='bbox 408 492 580 573; x_wconf 78' lang='lat' dir='ltr'><strong><em>hellcfintt</em></strong></span> <span class='ocrx_word' id='word_1_19' title='bbox 614 489 688 551; x_wconf 92' lang='lat' dir='ltr'><strong><em>Non</em></strong></span> <span class='ocrx_word' id='word_1_20' title='bbox 702 510 765 552; x_wconf 81' lang='lat' dir='ltr'><strong><em>seem</em></strong></span> <span class='ocrx_word' id='word_1_21' title='bbox 781 492 881 552; x_wconf 89' lang='lat' dir='ltr'><strong><em>eodem</em></strong></span> <span class='ocrx_word' id='word_1_22' title='bbox 895 492 983 552; x_wconf 90' lang='lat' dir='ltr'><strong><em>modo</em></strong></span> <span class='ocrx_word' id='word_1_23' title='bbox 1003 489 1187 572; x_wconf 81' lang='lat' dir='ltr'><strong><em>desensrerrts,</em></strong></span> <span class='ocrx_word' id='word_1_24' title='bbox 1204 487 1354 561; x_wconf 58' lang='lat' dir='ltr'><strong><em>Romana</em></strong></span> 
     </span>
     <span class='ocr_line' id='line_1_4' title="bbox 287 573 1356 661; baseline -0.007 -20"><span class='ocrx_word' id='word_1_25' title='bbox 287 579 370 661; x_wconf 93' lang='lat' dir='ltr'><strong><em>quod</em></strong></span> <span class='ocrx_word' id='word_1_26' title='bbox 392 579 475 641; x_wconf 88' lang='lat' dir='ltr'><strong><em>Dola</em></strong></span> <span class='ocrx_word' id='word_1_27' title='bbox 550 574 644 636; x_wconf 85' lang='lat' dir='ltr'><strong><em>armis</em></strong></span> <span class='ocrx_word' id='word_1_28' title='bbox 664 577 865 637; x_wconf 81' lang='lat' dir='ltr'><strong><em>coircuerim:</em></strong></span> <span class='ocrx_word' id='word_1_29' title='bbox 888 577 970 659; x_wconf 86' lang='lat' dir='ltr'><strong><em>quia,</em></strong></span> <span class='ocrx_word' id='word_1_30' title='bbox 985 576 1072 637; x_wconf 74' lang='lat' dir='ltr'><strong><em>”etsi</em></strong></span> <span class='ocrx_word' id='word_1_31' title='bbox 1090 595 1151 635; x_wconf 90' lang='lat' dir='ltr'><strong><em>non</em></strong></span> <span class='ocrx_word' id='word_1_32' title='bbox 1169 573 1278 635; x_wconf 84' lang='lat' dir='ltr'><strong><em>merito</em></strong></span> <span class='ocrx_word' id='word_1_33' title='bbox 1303 591 1356 632; x_wconf 85' lang='lat' dir='ltr'><strong><em>eo-</em></strong></span> 
     </span>
     <span class='ocr_line' id='line_1_5' title="bbox 285 596 1357 744; baseline -0.007 -17"><span class='ocrx_word' id='word_1_34' title='bbox 285 686 362 737; x_wconf 81' lang='lat' dir='ltr'><strong><em>rum,</em></strong></span> <span class='ocrx_word' id='word_1_35' title='bbox 369 596 610 743; x_wconf 34' lang='lat' dir='ltr'><strong><em>janthinum,-</em></strong></span> <span class='ocrx_word' id='word_1_36' title='bbox 634 680 726 742; x_wconf 90' lang='lat' dir='ltr'><strong><em>qunm</em></strong></span> <span class='ocrx_word' id='word_1_37' title='bbox 739 661 797 723; x_wconf 91' lang='lat' dir='ltr'><strong><em>mei</em></strong></span> <span class='ocrx_word' id='word_1_38' title='bbox 810 662 909 744; x_wconf 81' lang='lat' dir='ltr'><strong><em>regni,</em></strong></span> <span class='ocrx_word' id='word_1_39' title='bbox 926 680 1002 721; x_wconf 78' lang='lat' dir='ltr'><strong><em>mete</em></strong></span> <span class='ocrx_word' id='word_1_40' title='bbox 1020 660 1148 722; x_wconf 87' lang='lat' dir='ltr'><strong><em>ditionis</em></strong></span> <span class='ocrx_word' id='word_1_41' title='bbox 1168 667 1275 732; x_wconf 72' lang='lat' dir='ltr'><strong><em>essem,</em></strong></span> <span class='ocrx_word' id='word_1_42' title='bbox 1290 676 1357 720; x_wconf 86' lang='lat' dir='ltr'><strong><em>oes-</em></strong></span> 
     </span>
     <span class='ocr_line' id='line_1_6' title="bbox 288 743 1355 825; baseline -0.007 -14"><span class='ocrx_word' id='word_1_43' title='bbox 288 760 337 811; x_wconf 90' lang='lat' dir='ltr'><strong><em>tro</em></strong></span> <span class='ocrx_word' id='word_1_44' title='bbox 351 750 469 808; x_wconf 86' lang='lat' dir='ltr'><strong><em>decreto</em></strong></span> <span class='ocrx_word' id='word_1_45' title='bbox 486 746 569 825; x_wconf 87' lang='lat' dir='ltr'><strong><em>patri</em></strong></span> <span class='ocrx_word' id='word_1_46' title='bbox 583 746 733 809; x_wconf 76' lang='lat' dir='ltr'><em>adtributi</em></span> <span class='ocrx_word' id='word_1_47' title='bbox 754 766 828 808; x_wconf 84' lang='lat' dir='ltr'><strong><em>ntea.</em></strong></span> <span class='ocrx_word' id='word_1_48' title='bbox 874 745 952 823; x_wconf 88' lang='lat' dir='ltr'><strong><em>Nec,</em></strong></span> <span class='ocrx_word' id='word_1_49' title='bbox 967 745 994 808; x_wconf 88' lang='lat' dir='ltr'><strong><em>si</em></strong></span> <span class='ocrx_word' id='word_1_50' title='bbox 1014 766 1121 808; x_wconf 88' lang='lat' dir='ltr'><strong><em>caussa</em></strong></span> <span class='ocrx_word' id='word_1_51' title='bbox 1133 744 1289 808; x_wconf 88' lang='lat' dir='ltr'><strong><em>reddenda</em></strong></span> <span class='ocrx_word' id='word_1_52' title='bbox 1302 743 1355 816; x_wconf 83' lang='lat' dir='ltr'><strong><em>sit,</em></strong></span> 
     </span>
     <span class='ocr_line' id='line_1_7' title="bbox 286 826 1357 912; baseline -0.007 -17"><span class='ocrx_word' id='word_1_53' title='bbox 286 852 346 895; x_wconf 88' lang='lat' dir='ltr'><strong><em>non</em></strong></span> <span class='ocrx_word' id='word_1_54' title='bbox 360 830 452 903; x_wconf 84' lang='lat' dir='ltr'><strong><em>vohis,</em></strong></span> <span class='ocrx_word' id='word_1_55' title='bbox 470 851 523 892; x_wconf 90' lang='lat' dir='ltr'><strong><em>nec</em></strong></span> <span class='ocrx_word' id='word_1_56' title='bbox 533 826 711 909; x_wconf 78' lang='lat' dir='ltr'><strong><em>saderotis,</em></strong></span> <span class='ocrx_word' id='word_1_57' title='bbox 727 833 780 894; x_wconf 91' lang='lat' dir='ltr'><strong><em>sed</em></strong></span> <span class='ocrx_word' id='word_1_58' title='bbox 795 832 844 905; x_wconf 92' lang='lat' dir='ltr'><strong><em>iis,</em></strong></span> <span class='ocrx_word' id='word_1_59' title='bbox 861 830 912 912; x_wconf 81' lang='lat' dir='ltr'><strong><em>qui</em></strong></span> <span class='ocrx_word' id='word_1_60' title='bbox 925 852 962 892; x_wconf 91' lang='lat' dir='ltr'><strong><em>ne</em></strong></span> <span class='ocrx_word' id='word_1_61' title='bbox 976 832 1008 892; x_wconf 90' lang='lat' dir='ltr'><strong><em>in</em></strong></span> <span class='ocrx_word' id='word_1_62' title='bbox 1021 851 1122 893; x_wconf 85' lang='lat' dir='ltr'><strong><em>servos</em></strong></span> <span class='ocrx_word' id='word_1_63' title='bbox 1143 830 1264 912; x_wconf 89' lang='lat' dir='ltr'><strong><em>quidem</em></strong></span> <span class='ocrx_word' id='word_1_64' title='bbox 1277 846 1357 891; x_wconf 82' lang='lat' dir='ltr'><strong><em>seua</em></strong></span> 
     </span>
     <span class='ocr_line' id='line_1_8' title="bbox 287 912 1358 999; baseline -0.006 -20"><span class='ocrx_word' id='word_1_65' title='bbox 287 926 379 998; x_wconf 84' lang='lat' dir='ltr'><strong><em>atque</em></strong></span> <span class='ocrx_word' id='word_1_66' title='bbox 394 914 511 997; x_wconf 85' lang='lat' dir='ltr'><strong><em>injusta</em></strong></span> <span class='ocrx_word' id='word_1_67' title='bbox 526 919 657 999; x_wconf 89' lang='lat' dir='ltr'><strong><em>imperio</em></strong></span> <span class='ocrx_word' id='word_1_68' title='bbox 666 917 811 998; x_wconf 79' lang='lat' dir='ltr'><strong><em>probam,</em></strong></span> <span class='ocrx_word' id='word_1_69' title='bbox 821 916 893 997; x_wconf 91' lang='lat' dir='ltr'><strong><em>plus</em></strong></span> <span class='ocrx_word' id='word_1_70' title='bbox 906 936 992 998; x_wconf 80' lang='lat' dir='ltr'><strong><em>aquo</em></strong></span> <span class='ocrx_word' id='word_1_71' title='bbox 1002 926 1033 977; x_wconf 90' lang='lat' dir='ltr'><strong><em>et</em></strong></span> <span class='ocrx_word' id='word_1_72' title='bbox 1043 915 1121 977; x_wconf 87' lang='lat' dir='ltr'><strong><em>hono</em></strong></span> <span class='ocrx_word' id='word_1_73' title='bbox 1131 916 1250 977; x_wconf 77' lang='lat' dir='ltr'><strong><em>sevisse</em></strong></span> <span class='ocrx_word' id='word_1_74' title='bbox 1263 912 1297 974; x_wconf 92' lang='lat' dir='ltr'><strong><em>in</em></strong></span> <span class='ocrx_word' id='word_1_75' title='bbox 1307 932 1358 974; x_wconf 84' lang='lat' dir='ltr'><strong><em>eos</em></strong></span> 
     </span>
     <span class='ocr_line' id='line_1_9' title="bbox 286 997 1357 1085; baseline -0.004 -22"><span class='ocrx_word' id='word_1_76' title='bbox 286 1002 384 1064; x_wconf 71' lang='lat' dir='ltr'><strong><em>videm</em></strong></span> <span class='ocrx_word' id='word_1_77' title='bbox 396 1022 526 1082; x_wconf 88' lang='lat' dir='ltr'><strong><em>possum.</em></strong></span> <span class='ocrx_word' id='word_1_78' title='bbox 548 1004 660 1085; x_wconf 90' lang='lat' dir='ltr'><strong><em>quippe</em></strong></span> <span class='ocrx_word' id='word_1_79' title='bbox 674 1003 918 1083; x_wconf 80' lang='lat' dir='ltr'><strong><em>Euphranorem,</em></strong></span> <span class='ocrx_word' id='word_1_80' title='bbox 930 997 1111 1082; x_wconf 74' lang='lat' dir='ltr'><strong><em>prefectum</em></strong></span> <span class='ocrx_word' id='word_1_81' title='bbox 1131 1022 1153 1060; x_wconf 90' lang='lat' dir='ltr'><strong><em>a</em></strong></span> <span class='ocrx_word' id='word_1_82' title='bbox 1173 1021 1219 1061; x_wconf 90' lang='lat' dir='ltr'><strong><em>me</em></strong></span> <span class='ocrx_word' id='word_1_83' title='bbox 1239 998 1357 1079; x_wconf 89' lang='lat' dir='ltr'><strong><em>inposi-</em></strong></span> 
     </span>
     <span class='ocr_line' id='line_1_10' title="bbox 287 1083 1346 1167; baseline -0.005 -18"><span class='ocrx_word' id='word_1_84' title='bbox 287 1096 359 1162; x_wconf 88' lang='lat' dir='ltr'><strong><em>tum,</em></strong></span> <span class='ocrx_word' id='word_1_85' title='bbox 374 1086 418 1148; x_wconf 90' lang='lat' dir='ltr'><strong><em>ita</em></strong></span> <span class='ocrx_word' id='word_1_86' title='bbox 434 1086 613 1163; x_wconf 88' lang='lat' dir='ltr'><strong><em>occiderunt,</em></strong></span> <span class='ocrx_word' id='word_1_87' title='bbox 627 1096 661 1148; x_wconf 88' lang='lat' dir='ltr'><strong><em>ut</em></strong></span> <span class='ocrx_word' id='word_1_88' title='bbox 676 1108 752 1149; x_wconf 89' lang='lat' dir='ltr'><strong><em>mors</em></strong></span> <span class='ocrx_word' id='word_1_89' title='bbox 764 1107 921 1166; x_wconf 77' lang='lat' dir='ltr'><strong><em>poerwrum</em></strong></span> <span class='ocrx_word' id='word_1_90' title='bbox 935 1084 999 1167; x_wconf 82' lang='lat' dir='ltr'><strong><em>ejrn</em></strong></span> <span class='ocrx_word' id='word_1_91' title='bbox 1015 1083 1284 1164; x_wconf 82' lang='lat' dir='ltr'><strong><em>lenissimafuerit.</em></strong></span> <span class='ocrx_word' id='word_1_92' title='bbox 1342 1108 1346 1115; x_wconf 58' lang='lat'>¹</span> 
     </span>
     <span class='ocr_line' id='line_1_11' title="bbox 330 1170 1355 1255; baseline -0.004 -21"><span class='ocrx_word' id='word_1_93' title='bbox 330 1170 442 1234; x_wconf 90' lang='lat' dir='ltr'><strong><em>XLII.</em></strong></span> <span class='ocrx_word' id='word_1_94' title='bbox 465 1171 519 1251; x_wconf 81' lang='lat' dir='ltr'><strong><em>At,</em></strong></span> <span class='ocrx_word' id='word_1_95' title='bbox 535 1193 623 1255; x_wconf 90' lang='lat' dir='ltr'><strong><em>quum</em></strong></span> <span class='ocrx_word' id='word_1_96' title='bbox 642 1173 847 1251; x_wconf 75' lang='lat' dir='ltr'><strong><em>processissem</em></strong></span> <span class='ocrx_word' id='word_1_97' title='bbox 868 1173 940 1232; x_wconf 92' lang='lat' dir='ltr'><strong><em>inde</em></strong></span> <span class='ocrx_word' id='word_1_98' title='bbox 962 1172 1005 1232; x_wconf 90' lang='lat' dir='ltr'><strong><em>ad</em></strong></span> <span class='ocrx_word' id='word_1_99' title='bbox 1024 1171 1166 1233; x_wconf 83' lang='lat' dir='ltr'><strong><em>visendas</em></strong></span> <span class='ocrx_word' id='word_1_100' title='bbox 1182 1170 1355 1243; x_wconf 78' lang='lat' dir='ltr'><strong><em>Larissam,</em></strong></span> 
     </span>
     <span class='ocr_line' id='line_1_12' title="bbox 288 1252 1358 1341; baseline -0.005 -22"><span class='ocrx_word' id='word_1_101' title='bbox 288 1267 318 1319; x_wconf 87' lang='lat' dir='ltr'><strong><em>et</em></strong></span> <span class='ocrx_word' id='word_1_102' title='bbox 333 1256 485 1333; x_wconf 89' lang='lat' dir='ltr'><strong><em>Antrona,</em></strong></span> <span class='ocrx_word' id='word_1_103' title='bbox 501 1253 532 1320; x_wconf 76' lang='lat' dir='ltr'><strong><em>&#39;et</em></strong></span> <span class='ocrx_word' id='word_1_104' title='bbox 546 1263 567 1295; x_wconf 79' lang='lat'><strong><em>⁸⁸</em></strong></span> <span class='ocrx_word' id='word_1_105' title='bbox 577 1259 717 1341; x_wconf 80' lang='lat' dir='ltr'><strong><em>Pylleon,</em></strong></span> <span class='ocrx_word' id='word_1_106' title='bbox 734 1278 794 1338; x_wconf 91' lang='lat' dir='ltr'><strong><em>quo</em></strong></span> <span class='ocrx_word' id='word_1_107' title='bbox 809 1259 839 1318; x_wconf 87' lang='lat' dir='ltr'><strong><em>in</em></strong></span> <span class='ocrx_word' id='word_1_108' title='bbox 850 1258 1026 1339; x_wconf 85' lang='lat' dir='ltr'><strong><em>propinquo</em></strong></span> <span class='ocrx_word' id='word_1_109' title='bbox 1046 1258 1140 1318; x_wconf 85' lang='lat' dir='ltr'><strong><em>multo</em></strong></span> <span class='ocrx_word' id='word_1_110' title='bbox 1161 1264 1234 1318; x_wconf 90' lang='lat' dir='ltr'><strong><em>ante</em></strong></span> <span class='ocrx_word' id='word_1_111' title='bbox 1254 1252 1358 1315; x_wconf 85' lang='lat' dir='ltr'><strong><em>dehita</em></strong></span> 
     </span>
     <span class='ocr_line' id='line_1_13' title="bbox 288 1339 1358 1424; baseline -0.006 -18"><span class='ocrx_word' id='word_1_112' title='bbox 288 1352 359 1406; x_wconf 83' lang='lat' dir='ltr'><strong><em>uota</em></strong></span> <span class='ocrx_word' id='word_1_113' title='bbox 376 1343 586 1423; x_wconf 78' lang='lat' dir='ltr'><strong><em>persolverem,</em></strong></span> <span class='ocrx_word' id='word_1_114' title='bbox 604 1343 742 1424; x_wconf 77' lang='lat' dir='ltr'><strong><em>Delphos</em></strong></span> <span class='ocrx_word' id='word_1_115' title='bbox 766 1343 960 1423; x_wconf 73' lang='lat' dir='ltr'><strong><em>sacrpicondi</em></strong></span> <span class='ocrx_word' id='word_1_116' title='bbox 982 1361 1091 1403; x_wconf 78' lang='lat' dir='ltr'><strong><em>cerasa</em></strong></span> <span class='ocrx_word' id='word_1_117' title='bbox 1114 1341 1269 1403; x_wconf 80' lang='lat' dir='ltr'><strong><em>adscendi.</em></strong></span> <span class='ocrx_word' id='word_1_118' title='bbox 1311 1339 1358 1401; x_wconf 86' lang='lat' dir='ltr'><strong><em>Et</em></strong></span> 
     </span>
     <span class='ocr_line' id='line_1_14' title="bbox 287 1423 1357 1512; baseline -0.006 -23"><span class='ocrx_word' id='word_1_119' title='bbox 287 1429 348 1503; x_wconf 90' lang='lat' dir='ltr'><strong><em>hic,</em></strong></span> <span class='ocrx_word' id='word_1_120' title='bbox 365 1429 494 1491; x_wconf 70' lang='lat' dir='ltr'><strong><em>emminis</em></strong></span> <span class='ocrx_word' id='word_1_121' title='bbox 508 1429 638 1512; x_wconf 85' lang='lat' dir='ltr'><strong><em>augendi</em></strong></span> <span class='ocrx_word' id='word_1_122' title='bbox 650 1449 768 1503; x_wconf 80' lang='lat' dir='ltr'><strong><em>caussa,</em></strong></span> <span class='ocrx_word' id='word_1_123' title='bbox 784 1448 849 1489; x_wconf 83' lang='lat' dir='ltr'><strong><em>crem</em></strong></span> <span class='ocrx_word' id='word_1_124' title='bbox 862 1428 997 1489; x_wconf 79' lang='lat' dir='ltr'><strong><em>exercitu</em></strong></span> <span class='ocrx_word' id='word_1_125' title='bbox 1017 1448 1063 1489; x_wconf 88' lang='lat' dir='ltr'><strong><em>me</em></strong></span> <span class='ocrx_word' id='word_1_126' title='bbox 1070 1426 1177 1510; x_wconf 73' lang='lat' dir='ltr'><strong><em>finisse</em></strong></span> <span class='ocrx_word' id='word_1_127' title='bbox 1197 1423 1357 1508; x_wconf 80' lang='lat' dir='ltr'><strong><em>adjicitur.</em></strong></span> 
     </span>
     <span class='ocr_line' id='line_1_15' title="bbox 288 1511 1358 1597; baseline -0.007 -20"><span class='ocrx_word' id='word_1_128' title='bbox 288 1514 421 1589; x_wconf 80' lang='lat' dir='ltr'><strong><em>Scilicet,</em></strong></span> <span class='ocrx_word' id='word_1_129' title='bbox 436 1523 481 1587; x_wconf 91' lang='lat' dir='ltr'><strong><em>ut,</em></strong></span> <span class='ocrx_word' id='word_1_130' title='bbox 497 1515 579 1595; x_wconf 90' lang='lat' dir='ltr'><strong><em>quod</em></strong></span> <span class='ocrx_word' id='word_1_131' title='bbox 591 1535 668 1575; x_wconf 79' lang='lat' dir='ltr'><strong><em>rrunc</em></strong></span> <span class='ocrx_word' id='word_1_132' title='bbox 682 1514 849 1597; x_wconf 87' lang='lat' dir='ltr'><strong><em>vossacere</em></strong></span> <span class='ocrx_word' id='word_1_133' title='bbox 862 1533 980 1594; x_wconf 87' lang='lat' dir='ltr'><strong><em>queror,</em></strong></span> <span class='ocrx_word' id='word_1_134' title='bbox 996 1511 1082 1573; x_wconf 80' lang='lat' dir='ltr'><strong><em>nrbes</em></strong></span> <span class='ocrx_word' id='word_1_135' title='bbox 1102 1531 1287 1592; x_wconf 84' lang='lat' dir='ltr'><strong><em>occuparem,</em></strong></span> <span class='ocrx_word' id='word_1_136' title='bbox 1304 1528 1358 1569; x_wconf 86' lang='lat' dir='ltr'><strong><em>ar·</em></strong></span> 
     </span>
     <span class='ocr_line' id='line_1_16' title="bbox 287 1594 1355 1681; baseline -0.007 -19"><span class='ocrx_word' id='word_1_137' title='bbox 287 1599 370 1662; x_wconf 73' lang='lat' dir='ltr'><strong><em>cilius</em></strong></span> <span class='ocrx_word' id='word_1_138' title='bbox 384 1600 558 1681; x_wconf 78' lang='lat' dir='ltr'><strong><em>inponerem</em></strong></span> <span class='ocrx_word' id='word_1_139' title='bbox 575 1600 734 1680; x_wconf 75' lang='lat' dir='ltr'><strong><em>presidia.</em></strong></span> <span class='ocrx_word' id='word_1_140' title='bbox 784 1599 895 1661; x_wconf 88' lang='lat' dir='ltr'><strong><em>Vocate</em></strong></span> <span class='ocrx_word' id='word_1_141' title='bbox 910 1600 943 1659; x_wconf 86' lang='lat' dir='ltr'><strong><em>in</em></strong></span> <span class='ocrx_word' id='word_1_142' title='bbox 957 1599 1115 1660; x_wconf 88' lang='lat' dir='ltr'><strong><em>concilium</em></strong></span> <span class='ocrx_word' id='word_1_143' title='bbox 1132 1596 1265 1660; x_wconf 80' lang='lat' dir='ltr'><strong><em>Gracia</em></strong></span> <span class='ocrx_word' id='word_1_144' title='bbox 1282 1594 1355 1656; x_wconf 89' lang='lat' dir='ltr'><strong><em>cioi·</em></strong></span> 
     </span>
     <span class='ocr_line' id='line_1_17' title="bbox 289 1681 1357 1766; baseline -0.007 -19"><span class='ocrx_word' id='word_1_145' title='bbox 289 1694 378 1760; x_wconf 87' lang='lat' dir='ltr'><strong><em>tates,</em></strong></span> <span class='ocrx_word' id='word_1_146' title='bbox 388 1706 450 1766; x_wconf 89' lang='lat' dir='ltr'><strong><em>per</em></strong></span> <span class='ocrx_word' id='word_1_147' title='bbox 464 1704 539 1766; x_wconf 92' lang='lat' dir='ltr'><strong><em>quas</em></strong></span> <span class='ocrx_word' id='word_1_148' title='bbox 555 1685 613 1745; x_wconf 90' lang='lat' dir='ltr'><strong><em>iter</em></strong></span> <span class='ocrx_word' id='word_1_149' title='bbox 614 1685 687 1765; x_wconf 89' lang='lat' dir='ltr'><strong><em>feci</em></strong></span> <span class='ocrx_word' id='word_1_150' title='bbox 690 1710 703 1758; x_wconf 91' lang='lat'><strong><em>,·</em></strong></span> <span class='ocrx_word' id='word_1_151' title='bbox 725 1693 871 1766; x_wconf 88' lang='lat' dir='ltr'><strong><em>queratur</em></strong></span> <span class='ocrx_word' id='word_1_152' title='bbox 884 1685 1087 1766; x_wconf 86' lang='lat' dir='ltr'><strong><em>unusquilibet</em></strong></span> <span class='ocrx_word' id='word_1_153' title='bbox 1108 1683 1220 1744; x_wconf 86' lang='lat' dir='ltr'><strong><em>militis</em></strong></span> <span class='ocrx_word' id='word_1_154' title='bbox 1234 1681 1294 1742; x_wconf 91' lang='lat' dir='ltr'><strong><em>mei</em></strong></span> <span class='ocrx_word' id='word_1_155' title='bbox 1310 1681 1357 1741; x_wconf 89' lang='lat' dir='ltr'><strong><em>in·</em></strong></span> 
     </span>
     <span class='ocr_line' id='line_1_18' title="bbox 279 1764 1361 1853; baseline -0.006 -20"><span class='ocrx_word' id='word_1_156' title='bbox 279 1770 416 1853; x_wconf 72' lang='lat' dir='ltr'><strong><em>jurium·</em></strong></span> <span class='ocrx_word' id='word_1_157' title='bbox 438 1790 501 1831; x_wconf 93' lang='lat' dir='ltr'><strong><em>non</em></strong></span> <span class='ocrx_word' id='word_1_158' title='bbox 521 1768 674 1845; x_wconf 81' lang='lat' dir='ltr'><strong><em>reccaabo,</em></strong></span> <span class='ocrx_word' id='word_1_159' title='bbox 697 1771 782 1850; x_wconf 87' lang='lat' dir='ltr'><strong><em>quin,</em></strong></span> <span class='ocrx_word' id='word_1_160' title='bbox 805 1770 949 1830; x_wconf 85' lang='lat' dir='ltr'><strong><em>simulato</em></strong></span> <span class='ocrx_word' id='word_1_161' title='bbox 968 1768 1130 1847; x_wconf 79' lang='lat' dir='ltr'><strong><em>sacrificio,</em></strong></span> <span class='ocrx_word' id='word_1_162' title='bbox 1146 1768 1236 1829; x_wconf 87' lang='lat' dir='ltr'><strong><em>alind</em></strong></span> <span class='ocrx_word' id='word_1_163' title='bbox 1247 1764 1361 1846; x_wconf 87' lang='lat' dir='ltr'><strong><em>petisse</em></strong></span> 
     </span>
     <span class='ocr_line' id='line_1_19' title="bbox 288 1850 1361 1936; baseline -0.005 -19"><span class='ocrx_word' id='word_1_164' title='bbox 288 1856 407 1919; x_wconf 82' lang='lat' dir='ltr'><strong><em>videar.</em></strong></span> <span class='ocrx_word' id='word_1_165' title='bbox 450 1854 561 1919; x_wconf 81' lang='lat' dir='ltr'><strong><em>AEtolis</em></strong></span> <span class='ocrx_word' id='word_1_166' title='bbox 575 1863 605 1916; x_wconf 92' lang='lat' dir='ltr'><strong><em>et</em></strong></span> <span class='ocrx_word' id='word_1_167' title='bbox 619 1855 787 1936; x_wconf 73' lang='lat' dir='ltr'><strong><em>Byzantiis</em></strong></span> <span class='ocrx_word' id='word_1_168' title='bbox 794 1855 945 1935; x_wconf 80' lang='lat' dir='ltr'><strong><em>prasidio</em></strong></span> <span class='ocrx_word' id='word_1_169' title='bbox 960 1853 1100 1929; x_wconf 83' lang='lat' dir='ltr'><strong><em>misimus,</em></strong></span> <span class='ocrx_word' id='word_1_170' title='bbox 1116 1864 1146 1915; x_wconf 89' lang='lat' dir='ltr'><strong><em>et</em></strong></span> <span class='ocrx_word' id='word_1_171' title='bbox 1160 1874 1224 1914; x_wconf 82' lang='lat' dir='ltr'><strong><em>acm</em></strong></span> <span class='ocrx_word' id='word_1_172' title='bbox 1239 1850 1361 1913; x_wconf 82' lang='lat' dir='ltr'><strong><em>Boeatis</em></strong></span> 
     </span>
     <span class='ocr_line' id='line_1_20' title="bbox 289 1937 1360 2020; baseline -0.001 -22"><span class='ocrx_word' id='word_1_173' title='bbox 289 1942 458 2001; x_wconf 88' lang='lat' dir='ltr'><strong><em>amicitiam</em></strong></span> <span class='ocrx_word' id='word_1_174' title='bbox 464 1937 603 2019; x_wconf 77' lang='lat' dir='ltr'><strong><em>fecimus.</em></strong></span> <span class='ocrx_word' id='word_1_175' title='bbox 647 1939 740 2012; x_wconf 83' lang='lat' dir='ltr'><strong><em>Hac,</em></strong></span> <span class='ocrx_word' id='word_1_176' title='bbox 753 1939 982 2020; x_wconf 81' lang='lat' dir='ltr'><strong><em>qualiacumque</em></strong></span> <span class='ocrx_word' id='word_1_177' title='bbox 995 1947 1074 2011; x_wconf 89' lang='lat' dir='ltr'><strong><em>sunt,</em></strong></span> <span class='ocrx_word' id='word_1_178' title='bbox 1080 1959 1142 2018; x_wconf 90' lang='lat' dir='ltr'><strong><em>per</em></strong></span> <span class='ocrx_word' id='word_1_179' title='bbox 1151 1940 1270 2020; x_wconf 83' lang='lat' dir='ltr'><strong><em>legatos</em></strong></span> <span class='ocrx_word' id='word_1_180' title='bbox 1279 1953 1360 1997; x_wconf 78' lang='lat' dir='ltr'><strong><em>meos</em></strong></span> 
     </span>
     <span class='ocr_line' id='line_1_21' title="bbox 288 2023 1359 2102; baseline 0 -20"><span class='ocrx_word' id='word_1_181' title='bbox 288 2042 350 2083; x_wconf 91' lang='lat' dir='ltr'><strong><em>non</em></strong></span> <span class='ocrx_word' id='word_1_182' title='bbox 363 2025 460 2084; x_wconf 89' lang='lat' dir='ltr'><strong><em>sotum</em></strong></span> <span class='ocrx_word' id='word_1_183' title='bbox 471 2026 620 2099; x_wconf 88' lang='lat' dir='ltr'><strong><em>indicata,</em></strong></span> <span class='ocrx_word' id='word_1_184' title='bbox 632 2024 684 2086; x_wconf 88' lang='lat' dir='ltr'><strong><em>sed</em></strong></span> <span class='ocrx_word' id='word_1_185' title='bbox 698 2026 791 2085; x_wconf 90' lang='lat' dir='ltr'><strong><em>etiam</em></strong></span> <span class='ocrx_word' id='word_1_186' title='bbox 806 2031 948 2084; x_wconf 80' lang='lat' dir='ltr'><strong><em>ecmesata</em></strong></span> <span class='ocrx_word' id='word_1_187' title='bbox 959 2030 1029 2083; x_wconf 89' lang='lat' dir='ltr'><strong><em>sunt</em></strong></span> <span class='ocrx_word' id='word_1_188' title='bbox 1038 2041 1119 2102; x_wconf 82' lang='lat' dir='ltr'><strong><em>sape</em></strong></span> <span class='ocrx_word' id='word_1_189' title='bbox 1130 2023 1162 2083; x_wconf 91' lang='lat' dir='ltr'><strong><em>iu</em></strong></span> <span class='ocrx_word' id='word_1_190' title='bbox 1174 2031 1280 2083; x_wconf 87' lang='lat' dir='ltr'><strong><em>senatu</em></strong></span> <span class='ocrx_word' id='word_1_191' title='bbox 1293 2040 1359 2083; x_wconf 87' lang='lat' dir='ltr'><strong><em>oes-</em></strong></span> 
     </span>
     <span class='ocr_line' id='line_1_22' title="bbox 288 2102 1357 2189; baseline -0.002 -21"><span class='ocrx_word' id='word_1_192' title='bbox 288 2114 355 2168; x_wconf 80' lang='lat' dir='ltr'><strong><em>tro:</em></strong></span> <span class='ocrx_word' id='word_1_193' title='bbox 375 2106 429 2168; x_wconf 82' lang='lat' dir='ltr'><strong><em>uhi</em></strong></span> <span class='ocrx_word' id='word_1_194' title='bbox 442 2107 560 2189; x_wconf 89' lang='lat' dir='ltr'><strong><em>aliquos</em></strong></span> <span class='ocrx_word' id='word_1_195' title='bbox 574 2130 630 2189; x_wconf 88' lang='lat' dir='ltr'><strong><em>ego</em></strong></span> <span class='ocrx_word' id='word_1_196' title='bbox 644 2110 867 2188; x_wconf 84' lang='lat' dir='ltr'><strong><em>disceptatores,</em></strong></span> <span class='ocrx_word' id='word_1_197' title='bbox 879 2127 938 2169; x_wconf 89' lang='lat' dir='ltr'><strong><em>uon</em></strong></span> <span class='ocrx_word' id='word_1_198' title='bbox 951 2116 1017 2169; x_wconf 90' lang='lat' dir='ltr'><strong><em>tom</em></strong></span> <span class='ocrx_word' id='word_1_199' title='bbox 1030 2126 1141 2188; x_wconf 82' lang='lat' dir='ltr'><strong><em>ceqctos,</em></strong></span> <span class='ocrx_word' id='word_1_200' title='bbox 1152 2126 1241 2186; x_wconf 90' lang='lat' dir='ltr'><strong><em>quam</em></strong></span> <span class='ocrx_word' id='word_1_201' title='bbox 1258 2116 1295 2179; x_wconf 87' lang='lat' dir='ltr'><strong><em>te,</em></strong></span> <span class='ocrx_word' id='word_1_202' title='bbox 1316 2102 1357 2180; x_wconf 80' lang='lat' dir='ltr'><strong><em>Q,</em></strong></span> 
     </span>
     <span class='ocr_line' id='line_1_23' title="bbox 289 2190 1360 2275; baseline -0.001 -22"><span class='ocrx_word' id='word_1_203' title='bbox 289 2191 409 2270; x_wconf 91' lang='lat' dir='ltr'><strong><em>Marci,</em></strong></span> <span class='ocrx_word' id='word_1_204' title='bbox 418 2202 581 2275; x_wconf 86' lang='lat' dir='ltr'><strong><em>paternum</em></strong></span> <span class='ocrx_word' id='word_1_205' title='bbox 596 2193 721 2255; x_wconf 92' lang='lat' dir='ltr'><strong><em>amicum</em></strong></span> <span class='ocrx_word' id='word_1_206' title='bbox 738 2202 767 2255; x_wconf 93' lang='lat' dir='ltr'><strong><em>et</em></strong></span> <span class='ocrx_word' id='word_1_207' title='bbox 780 2192 934 2273; x_wconf 76' lang='lat' dir='ltr'><strong><em>hospitem,</em></strong></span> <span class='ocrx_word' id='word_1_208' title='bbox 949 2190 1103 2253; x_wconf 79' lang='lat' dir='ltr'><strong><em>habebam</em></strong></span> <span class='ocrx_word' id='word_1_209' title='bbox 1148 2191 1209 2253; x_wconf 87' lang='lat' dir='ltr'><strong><em>Sed</em></strong></span> <span class='ocrx_word' id='word_1_210' title='bbox 1226 2191 1360 2252; x_wconf 84' lang='lat' dir='ltr'><strong><em>nondum</em></strong></span> 
     </span>
     <span class='ocr_line' id='line_1_24' title="bbox 291 2275 1363 2359; baseline -0.003 -19"><span class='ocrx_word' id='word_1_211' title='bbox 291 2277 420 2340; x_wconf 61' lang='lat' dir='ltr'><strong><em>&amp;mam</em></strong></span> <span class='ocrx_word' id='word_1_212' title='bbox 441 2288 600 2341; x_wconf 66' lang='lat' dir='ltr'><strong><em>acuamur</em></strong></span> <span class='ocrx_word' id='word_1_213' title='bbox 621 2278 770 2341; x_wconf 85' lang='lat' dir='ltr'><strong><em>Eumenes</em></strong></span> <span class='ocrx_word' id='word_1_214' title='bbox 789 2286 932 2347; x_wconf 85' lang='lat' dir='ltr'><strong><em>uenerat,·</em></strong></span> <span class='ocrx_word' id='word_1_215' title='bbox 956 2278 1011 2359; x_wconf 89' lang='lat' dir='ltr'><strong><em>qui</em></strong></span> <span class='ocrx_word' id='word_1_216' title='bbox 1023 2276 1240 2338; x_wconf 86' lang='lat' dir='ltr'><strong><em>calumniando</em></strong></span> <span class='ocrx_word' id='word_1_217' title='bbox 1259 2275 1363 2337; x_wconf 87' lang='lat' dir='ltr'><strong><em>omnia</em></strong></span> 
     </span>
     <span class='ocr_line' id='line_1_25' title="bbox 289 2360 1359 2449; baseline -0.005 -22"><span class='ocrx_word' id='word_1_218' title='bbox 289 2365 552 2449; x_wconf 85' lang='lat' dir='ltr'><strong><em>detorquendoque</em></strong></span> <span class='ocrx_word' id='word_1_219' title='bbox 565 2373 701 2446; x_wconf 79' lang='lat' dir='ltr'><strong><em>suspecta</em></strong></span> <span class='ocrx_word' id='word_1_220' title='bbox 715 2374 745 2427; x_wconf 93' lang='lat' dir='ltr'><strong><em>et</em></strong></span> <span class='ocrx_word' id='word_1_221' title='bbox 759 2363 855 2426; x_wconf 87' lang='lat' dir='ltr'><strong><em>inuisa</em></strong></span> <span class='ocrx_word' id='word_1_222' title='bbox 868 2363 1006 2448; x_wconf 71' lang='lat' dir='ltr'><strong><em>ffceret,</em></strong></span> <span class='ocrx_word' id='word_1_223' title='bbox 1023 2372 1053 2425; x_wconf 92' lang='lat' dir='ltr'><strong><em>et</em></strong></span> <span class='ocrx_word' id='word_1_224' title='bbox 1069 2362 1257 2443; x_wconf 69' lang='lat' dir='ltr'><strong><em>pasctadere</em></strong></span> <span class='ocrx_word' id='word_1_225' title='bbox 1276 2360 1359 2423; x_wconf 84' lang='lat' dir='ltr'><strong><em>nohis</em></strong></span> 
     </span>
     <span class='ocr_line' id='line_1_26' title="bbox 288 2448 1359 2536; baseline -0.007 -22"><span class='ocrx_word' id='word_1_226' title='bbox 288 2461 459 2528; x_wconf 86' lang='lat' dir='ltr'><strong><em>conaretur,</em></strong></span> <span class='ocrx_word' id='word_1_227' title='bbox 475 2472 537 2512; x_wconf 92' lang='lat' dir='ltr'><strong><em>non</em></strong></span> <span class='ocrx_word' id='word_1_228' title='bbox 546 2471 637 2533; x_wconf 87' lang='lat' dir='ltr'><strong><em>posse</em></strong></span> <span class='ocrx_word' id='word_1_229' title='bbox 652 2449 809 2536; x_wconf 78' lang='lat' dir='ltr'><strong><em>Graciaqr</em></strong></span> <span class='ocrx_word' id='word_1_230' title='bbox 835 2451 868 2510; x_wconf 91' lang='lat' dir='ltr'><strong><em>in</em></strong></span> <span class='ocrx_word' id='word_1_231' title='bbox 888 2448 1031 2510; x_wconf 87' lang='lat' dir='ltr'><strong><em>libertate</em></strong></span> <span class='ocrx_word' id='word_1_232' title='bbox 1044 2467 1117 2521; x_wconf 90' lang='lat' dir='ltr'><strong><em>esse,</em></strong></span> <span class='ocrx_word' id='word_1_233' title='bbox 1133 2456 1163 2508; x_wconf 88' lang='lat' dir='ltr'><strong><em>et</em></strong></span> <span class='ocrx_word' id='word_1_234' title='bbox 1182 2456 1280 2509; x_wconf 86' lang='lat' dir='ltr'><strong><em>oestro</em></strong></span> <span class='ocrx_word' id='word_1_235' title='bbox 1294 2466 1359 2507; x_wconf 63' lang='lat' dir='ltr'><strong><em>nus</em></strong></span> 
     </span>
     <span class='ocr_line' id='line_1_27' title="bbox 289 2532 1358 2618; baseline -0.006 -19"><span class='ocrx_word' id='word_1_236' title='bbox 289 2535 448 2615; x_wconf 79' lang='lat' dir='ltr'><strong><em>neresrui,</em></strong></span> <span class='ocrx_word' id='word_1_237' title='bbox 464 2539 566 2618; x_wconf 90' lang='lat' dir='ltr'><strong><em>quoad</em></strong></span> <span class='ocrx_word' id='word_1_238' title='bbox 578 2557 702 2618; x_wconf 85' lang='lat' dir='ltr'><strong><em>regnum</em></strong></span> <span class='ocrx_word' id='word_1_239' title='bbox 716 2534 911 2595; x_wconf 83' lang='lat' dir='ltr'><strong><em>Macedonia</em></strong></span> <span class='ocrx_word' id='word_1_240' title='bbox 922 2534 1068 2595; x_wconf 87' lang='lat' dir='ltr'><strong><em>incolume</em></strong></span> <span class='ocrx_word' id='word_1_241' title='bbox 1081 2542 1166 2595; x_wconf 87' lang='lat' dir='ltr'><strong><em>esset.</em></strong></span> <span class='ocrx_word' id='word_1_242' title='bbox 1200 2532 1358 2594; x_wconf 73' lang='lat' dir='ltr'><strong><em>circmc-</em></strong></span> 
     </span>
     <span class='ocr_line' id='line_1_28' title="bbox 288 2616 1436 2700; baseline -0.003 -21"><span class='ocrx_word' id='word_1_243' title='bbox 288 2630 379 2699; x_wconf 80' lang='lat' dir='ltr'><strong><em>getur</em></strong></span> <span class='ocrx_word' id='word_1_244' title='bbox 393 2621 438 2679; x_wconf 86' lang='lat' dir='ltr'><strong><em>hic</em></strong></span> <span class='ocrx_word' id='word_1_245' title='bbox 452 2619 546 2679; x_wconf 80' lang='lat' dir='ltr'><strong><em>orbis.-</em></strong></span> <span class='ocrx_word' id='word_1_246' title='bbox 569 2621 630 2678; x_wconf 91' lang='lat' dir='ltr'><strong><em>erit</em></strong></span> <span class='ocrx_word' id='word_1_247' title='bbox 644 2639 722 2690; x_wconf 80' lang='lat' dir='ltr'><strong><em>moa,</em></strong></span> <span class='ocrx_word' id='word_1_248' title='bbox 739 2619 793 2696; x_wconf 87' lang='lat' dir='ltr'><strong><em>qui</em></strong></span> <span class='ocrx_word' id='word_1_249' title='bbox 806 2626 933 2697; x_wconf 84' lang='lat' dir='ltr'><strong><em>arguat,</em></strong></span> <span class='ocrx_word' id='word_1_250' title='bbox 946 2637 985 2677; x_wconf 89' lang='lat' dir='ltr'><strong><em>ne</em></strong></span> <span class='ocrx_word' id='word_1_251' title='bbox 997 2619 1162 2700; x_wconf 88' lang='lat' dir='ltr'><strong><em>quidquam</em></strong></span> <span class='ocrx_word' id='word_1_252' title='bbox 1178 2616 1359 2679; x_wconf 76' lang='lat' dir='ltr'><strong><em>Antiochum</em></strong></span> <span class='ocrx_word' id='word_1_253' title='bbox 1428 2675 1436 2694; x_wconf 68' lang='lat'>‚</span> 
     </span>
     <span class='ocr_line' id='line_1_29' title="bbox 289 2700 1359 2782; baseline 0.004 -20"><span class='ocrx_word' id='word_1_254' title='bbox 289 2702 403 2762; x_wconf 71' lang='lat' dir='ltr'><strong><em>”adra</em></strong></span> <span class='ocrx_word' id='word_1_255' title='bbox 414 2701 501 2782; x_wconf 85' lang='lat' dir='ltr'><strong><em>juga</em></strong></span> <span class='ocrx_word' id='word_1_256' title='bbox 528 2700 627 2760; x_wconf 88' lang='lat' dir='ltr'><strong><em>Tauri</em></strong></span> <span class='ocrx_word' id='word_1_257' title='bbox 647 2710 809 2759; x_wconf 85' lang='lat' dir='ltr'><strong><em>remotum:</em></strong></span> <span class='ocrx_word' id='word_1_258' title='bbox 839 2702 1009 2781; x_wconf 85' lang='lat' dir='ltr'><strong><em>graviorem</em></strong></span> <span class='ocrx_word' id='word_1_259' title='bbox 1032 2704 1126 2764; x_wconf 82' lang='lat' dir='ltr'><strong><em>mrdto</em></strong></span> <span class='ocrx_word' id='word_1_260' title='bbox 1147 2703 1241 2777; x_wconf 76' lang='lat' dir='ltr'><strong><em>Asia,</em></strong></span> <span class='ocrx_word' id='word_1_261' title='bbox 1264 2719 1359 2782; x_wconf 80' lang='lat' dir='ltr'><strong><em>quam</em></strong></span> 
     </span>
     <span class='ocr_line' id='line_1_30' title="bbox 290 2782 1360 2869; baseline 0.003 -23"><span class='ocrx_word' id='word_1_262' title='bbox 290 2783 456 2846; x_wconf 86' lang='lat' dir='ltr'><strong><em>Antiochus</em></strong></span> <span class='ocrx_word' id='word_1_263' title='bbox 463 2782 579 2864; x_wconf 87' lang='lat' dir='ltr'><strong><em>fuerit,</em></strong></span> <span class='ocrx_word' id='word_1_264' title='bbox 603 2783 767 2843; x_wconf 85' lang='lat' dir='ltr'><strong><em>Eumenem</em></strong></span> <span class='ocrx_word' id='word_1_265' title='bbox 781 2802 862 2843; x_wconf 86' lang='lat' dir='ltr'><strong><em>esse:</em></strong></span> <span class='ocrx_word' id='word_1_266' title='bbox 885 2804 939 2845; x_wconf 90' lang='lat' dir='ltr'><strong><em>nec</em></strong></span> <span class='ocrx_word' id='word_1_267' title='bbox 957 2788 1159 2869; x_wconf 87' lang='lat' dir='ltr'><strong><em>conquiescere</em></strong></span> <span class='ocrx_word' id='word_1_268' title='bbox 1179 2788 1273 2850; x_wconf 84' lang='lat' dir='ltr'><strong><em>socias</em></strong></span> <span class='ocrx_word' id='word_1_269' title='bbox 1293 2806 1360 2849; x_wconf 86' lang='lat' dir='ltr'><strong><em>ves·</em></strong></span> 
     </span>
     <span class='ocr_line' id='line_1_31' title="bbox 290 2868 1361 2954; baseline 0.002 -23"><span class='ocrx_word' id='word_1_270' title='bbox 290 2878 355 2931; x_wconf 88' lang='lat' dir='ltr'><strong><em>tras</em></strong></span> <span class='ocrx_word' id='word_1_271' title='bbox 366 2887 460 2947; x_wconf 84' lang='lat' dir='ltr'><strong><em>porse,</em></strong></span> <span class='ocrx_word' id='word_1_272' title='bbox 477 2868 580 2948; x_wconf 89' lang='lat' dir='ltr'><strong><em>quoad</em></strong></span> <span class='ocrx_word' id='word_1_273' title='bbox 599 2868 688 2949; x_wconf 85' lang='lat' dir='ltr'><strong><em>regia</em></strong></span> <span class='ocrx_word' id='word_1_274' title='bbox 702 2868 852 2949; x_wconf 82' lang='lat' dir='ltr'><strong><em>Pergami</em></strong></span> <span class='ocrx_word' id='word_1_275' title='bbox 865 2869 914 2931; x_wconf 92' lang='lat' dir='ltr'><strong><em>sit.</em></strong></span> <span class='ocrx_word' id='word_1_276' title='bbox 936 2891 1002 2931; x_wconf 90' lang='lat' dir='ltr'><strong><em>eam</em></strong></span> <span class='ocrx_word' id='word_1_277' title='bbox 1017 2893 1116 2933; x_wconf 88' lang='lat' dir='ltr'><strong><em>arcem</em></strong></span> <span class='ocrx_word' id='word_1_278' title='bbox 1137 2891 1232 2954; x_wconf 89' lang='lat' dir='ltr'><strong><em>supra</em></strong></span> <span class='ocrx_word' id='word_1_279' title='bbox 1251 2871 1361 2951; x_wconf 86' lang='lat' dir='ltr'><strong><em>capita</em></strong></span> 
     </span>
     <span class='ocr_line' id='line_1_32' title="bbox 276 2951 1360 3037; baseline 0.003 -22"><span class='ocrx_word' id='word_1_280' title='bbox 276 2952 488 3036; x_wconf 80' lang='lat' dir='ltr'><strong><em>finitimarum</em></strong></span> <span class='ocrx_word' id='word_1_281' title='bbox 501 2951 666 3014; x_wconf 87' lang='lat' dir='ltr'><strong><em>civitatium</em></strong></span> <span class='ocrx_word' id='word_1_282' title='bbox 685 2953 858 3031; x_wconf 88' lang='lat' dir='ltr'><strong><em>inpositam.</em></strong></span> <span class='ocrx_word' id='word_1_283' title='bbox 903 2955 974 3037; x_wconf 85' lang='lat' dir='ltr'><strong><em>Ego</em></strong></span> <span class='ocrx_word' id='word_1_284' title='bbox 997 2956 1068 3031; x_wconf 79' lang='lat' dir='ltr'><strong><em>hac,</em></strong></span> <span class='ocrx_word' id='word_1_285' title='bbox 1088 2956 1128 3030; x_wconf 74' lang='lat' dir='ltr'><strong><em>Q.</em></strong></span> <span class='ocrx_word' id='word_1_286' title='bbox 1145 2956 1254 3018; x_wconf 85' lang='lat' dir='ltr'><strong><em>Marci</em></strong></span> <span class='ocrx_word' id='word_1_287' title='bbox 1267 2965 1298 3017; x_wconf 92' lang='lat' dir='ltr'><strong><em>et</em></strong></span> <span class='ocrx_word' id='word_1_288' title='bbox 1314 2955 1360 3018; x_wconf 86' lang='lat' dir='ltr'><strong><em>A.</em></strong></span> 
     </span>
     <span class='ocr_line' id='line_1_33' title="bbox 292 3035 1360 3123; baseline 0.002 -22"><span class='ocrx_word' id='word_1_289' title='bbox 292 3037 384 3116; x_wconf 86' lang='lat' dir='ltr'><strong><em>Atili,</em></strong></span> <span class='ocrx_word' id='word_1_290' title='bbox 400 3059 468 3120; x_wconf 81' lang='lat' dir='ltr'><strong><em>qua</em></strong></span> <span class='ocrx_word' id='word_1_291' title='bbox 489 3044 543 3098; x_wconf 87' lang='lat' dir='ltr'><strong><em>out</em></strong></span> <span class='ocrx_word' id='word_1_292' title='bbox 561 3056 582 3095; x_wconf 91' lang='lat' dir='ltr'><strong><em>a</em></strong></span> <span class='ocrx_word' id='word_1_293' title='bbox 606 3035 687 3099; x_wconf 84' lang='lat' dir='ltr'><strong><em>vohis</em></strong></span> <span class='ocrx_word' id='word_1_294' title='bbox 706 3036 830 3119; x_wconf 84' lang='lat' dir='ltr'><strong><em>objecta,</em></strong></span> <span class='ocrx_word' id='word_1_295' title='bbox 839 3046 901 3099; x_wconf 89' lang='lat' dir='ltr'><strong><em>ant</em></strong></span> <span class='ocrx_word' id='word_1_296' title='bbox 916 3050 1053 3123; x_wconf 69' lang='lat' dir='ltr'><strong><em>purgata</em></strong></span> <span class='ocrx_word' id='word_1_297' title='bbox 1075 3064 1095 3102; x_wconf 92' lang='lat' dir='ltr'><strong><em>a</em></strong></span> <span class='ocrx_word' id='word_1_298' title='bbox 1116 3063 1162 3103; x_wconf 89' lang='lat' dir='ltr'><strong><em>me</em></strong></span> <span class='ocrx_word' id='word_1_299' title='bbox 1179 3050 1257 3116; x_wconf 79' lang='lat' dir='ltr'><strong><em>arnt,</em></strong></span> <span class='ocrx_word' id='word_1_300' title='bbox 1279 3042 1360 3103; x_wconf 85' lang='lat' dir='ltr'><strong><em>talia</em></strong></span> 
     </span>
     <span class='ocr_line' id='line_1_34' title="bbox 291 3123 1360 3204; baseline 0.002 -18"><span class='ocrx_word' id='word_1_301' title='bbox 291 3145 353 3186; x_wconf 88' lang='lat' dir='ltr'><strong><em>esse</em></strong></span> <span class='ocrx_word' id='word_1_302' title='bbox 366 3125 438 3197; x_wconf 85' lang='lat' dir='ltr'><strong><em>scio,</em></strong></span> <span class='ocrx_word' id='word_1_303' title='bbox 453 3131 488 3184; x_wconf 92' lang='lat' dir='ltr'><strong><em>ut</em></strong></span> <span class='ocrx_word' id='word_1_304' title='bbox 501 3141 598 3196; x_wconf 88' lang='lat' dir='ltr'><strong><em>aures,</em></strong></span> <span class='ocrx_word' id='word_1_305' title='bbox 615 3130 649 3182; x_wconf 91' lang='lat' dir='ltr'><strong><em>ut</em></strong></span> <span class='ocrx_word' id='word_1_306' title='bbox 663 3123 759 3184; x_wconf 90' lang='lat' dir='ltr'><strong><em>animi</em></strong></span> <span class='ocrx_word' id='word_1_307' title='bbox 773 3125 962 3186; x_wconf 88' lang='lat' dir='ltr'><strong><em>audientium</em></strong></span> <span class='ocrx_word' id='word_1_308' title='bbox 984 3128 1064 3188; x_wconf 84' lang='lat' dir='ltr'><strong><em>sint:</em></strong></span> <span class='ocrx_word' id='word_1_309' title='bbox 1088 3148 1141 3188; x_wconf 90' lang='lat' dir='ltr'><strong><em>nec</em></strong></span> <span class='ocrx_word' id='word_1_310' title='bbox 1156 3136 1216 3188; x_wconf 84' lang='lat' dir='ltr'><strong><em>tam</em></strong></span> <span class='ocrx_word' id='word_1_311' title='bbox 1231 3124 1360 3204; x_wconf 79' lang='lat' dir='ltr'><strong><em>referre,</em></strong></span> 
     </span>
     <span class='ocr_line' id='line_1_35' title="bbox 194 3207 1363 3294; baseline 0.008 -28"><span class='ocrx_word' id='word_1_312' title='bbox 194 3275 199 3280; x_wconf 48' lang='lat'>‚</span> <span class='ocrx_word' id='word_1_313' title='bbox 288 3208 366 3291; x_wconf 83' lang='lat' dir='ltr'><strong><em>quid</em></strong></span> <span class='ocrx_word' id='word_1_314' title='bbox 379 3227 445 3288; x_wconf 84' lang='lat' dir='ltr'><strong><em>ego,</em></strong></span> <span class='ocrx_word' id='word_1_315' title='bbox 460 3216 515 3268; x_wconf 92' lang='lat' dir='ltr'><strong><em>aut</em></strong></span> <span class='ocrx_word' id='word_1_316' title='bbox 529 3226 589 3288; x_wconf 90' lang='lat' dir='ltr'><strong><em>qua</em></strong></span> <span class='ocrx_word' id='word_1_317' title='bbox 603 3217 698 3269; x_wconf 87' lang='lat' dir='ltr'><strong><em>mente</em></strong></span> <span class='ocrx_word' id='word_1_318' title='bbox 704 3207 845 3291; x_wconf 85' lang='lat' dir='ltr'><strong><em>fecerim,</em></strong></span> <span class='ocrx_word' id='word_1_319' title='bbox 862 3229 951 3292; x_wconf 86' lang='lat' dir='ltr'><strong><em>quam</em></strong></span> <span class='ocrx_word' id='word_1_320' title='bbox 966 3214 1109 3294; x_wconf 87' lang='lat' dir='ltr'><strong><em>quomodo</em></strong></span> <span class='ocrx_word' id='word_1_321' title='bbox 1122 3214 1157 3273; x_wconf 90' lang='lat' dir='ltr'><strong><em>id</em></strong></span> <span class='ocrx_word' id='word_1_322' title='bbox 1171 3233 1222 3274; x_wconf 86' lang='lat' dir='ltr'><strong><em>vos</em></strong></span> <span class='ocrx_word' id='word_1_323' title='bbox 1235 3208 1363 3290; x_wconf 76' lang='lat' dir='ltr'><strong><em>sactum</em></strong></span> 
     </span>
     <span class='ocr_line' id='line_1_36' title="bbox 290 3291 1458 3380; baseline 0.007 -28"><span class='ocrx_word' id='word_1_324' title='bbox 290 3291 460 3371; x_wconf 86' lang='lat' dir='ltr'><strong><em>accipiatis.</em></strong></span> <span class='ocrx_word' id='word_1_325' title='bbox 506 3292 642 3355; x_wconf 82' lang='lat' dir='ltr'><strong><em>Conscius</em></strong></span> <span class='ocrx_word' id='word_1_326' title='bbox 661 3293 738 3355; x_wconf 89' lang='lat' dir='ltr'><strong><em>mihi</em></strong></span> <span class='ocrx_word' id='word_1_327' title='bbox 755 3313 829 3372; x_wconf 80' lang='lat' dir='ltr'><strong><em>aem,</em></strong></span> <span class='ocrx_word' id='word_1_328' title='bbox 848 3295 926 3356; x_wconf 84' lang='lat' dir='ltr'><strong><em>nihii</em></strong></span> <span class='ocrx_word' id='word_1_329' title='bbox 949 3318 997 3357; x_wconf 87' lang='lat' dir='ltr'><strong><em>me</em></strong></span> <span class='ocrx_word' id='word_1_330' title='bbox 1019 3296 1156 3359; x_wconf 88' lang='lat' dir='ltr'><strong><em>scientem</em></strong></span> <span class='ocrx_word' id='word_1_331' title='bbox 1177 3297 1360 3380; x_wconf 83' lang='lat' dir='ltr'><strong><em>deliquisse.-</em></strong></span> <span class='ocrx_word' id='word_1_332' title='bbox 1452 3300 1458 3323; x_wconf 81' lang='lat'><strong>⁴</strong></span> 
     </span>
     <span class='ocr_line' id='line_1_37' title="bbox 291 3369 1428 3464; baseline 0.006 -27"><span class='ocrx_word' id='word_1_333' title='bbox 291 3385 332 3448; x_wconf 91' lang='lat' dir='ltr'><strong><em>et,</em></strong></span> <span class='ocrx_word' id='word_1_334' title='bbox 346 3375 376 3436; x_wconf 88' lang='lat' dir='ltr'><strong><em>si</em></strong></span> <span class='ocrx_word' id='word_1_335' title='bbox 389 3378 465 3457; x_wconf 87' lang='lat' dir='ltr'><strong><em>quid</em></strong></span> <span class='ocrx_word' id='word_1_336' title='bbox 476 3374 608 3455; x_wconf 72' lang='lat' dir='ltr'><strong><em>fecerint</em></strong></span> <span class='ocrx_word' id='word_1_337' title='bbox 621 3377 818 3462; x_wconf 88' lang='lat' dir='ltr'><strong><em>inprudentia</em></strong></span> <span class='ocrx_word' id='word_1_338' title='bbox 839 3379 950 3460; x_wconf 87' lang='lat' dir='ltr'><strong><em>lapsus,</em></strong></span> <span class='ocrx_word' id='word_1_339' title='bbox 968 3383 1085 3464; x_wconf 83' lang='lat' dir='ltr'><strong><em>corrigi</em></strong></span> <span class='ocrx_word' id='word_1_340' title='bbox 1099 3403 1145 3443; x_wconf 89' lang='lat' dir='ltr'><strong><em>mc</em></strong></span> <span class='ocrx_word' id='word_1_341' title='bbox 1158 3392 1189 3444; x_wconf 88' lang='lat' dir='ltr'><strong><em>et</em></strong></span> <span class='ocrx_word' id='word_1_342' title='bbox 1203 3383 1364 3445; x_wconf 88' lang='lat' dir='ltr'><strong><em>emendari</em></strong></span> <span class='ocrx_word' id='word_1_343' title='bbox 1420 3369 1428 3392; x_wconf 64' lang='lat'>⁸</span> 
     </span>
     <span class='ocr_line' id='line_1_38' title="bbox 291 3461 1362 3548; baseline 0.007 -27"><span class='ocrx_word' id='word_1_344' title='bbox 291 3461 496 3543; x_wconf 82' lang='lat' dir='ltr'><strong><em>castigatione</em></strong></span> <span class='ocrx_word' id='word_1_345' title='bbox 509 3463 567 3524; x_wconf 90' lang='lat' dir='ltr'><strong><em>hac</em></strong></span> <span class='ocrx_word' id='word_1_346' title='bbox 575 3483 675 3544; x_wconf 90' lang='lat' dir='ltr'><strong><em>posse.</em></strong></span> <span class='ocrx_word' id='word_1_347' title='bbox 720 3463 814 3525; x_wconf 88' lang='lat' dir='ltr'><strong><em>Nihil</em></strong></span> <span class='ocrx_word' id='word_1_348' title='bbox 826 3473 904 3525; x_wconf 88' lang='lat' dir='ltr'><strong><em>certe</em></strong></span> <span class='ocrx_word' id='word_1_349' title='bbox 924 3466 1105 3542; x_wconf 87' lang='lat' dir='ltr'><strong><em>insanabile,</em></strong></span> <span class='ocrx_word' id='word_1_350' title='bbox 1120 3489 1174 3529; x_wconf 89' lang='lat' dir='ltr'><strong><em>uec</em></strong></span> <span class='ocrx_word' id='word_1_351' title='bbox 1187 3468 1268 3548; x_wconf 89' lang='lat' dir='ltr'><strong><em>quod</em></strong></span> <span class='ocrx_word' id='word_1_352' title='bbox 1282 3467 1362 3529; x_wconf 84' lang='lat' dir='ltr'><strong><em>hello</em></strong></span> 
     </span>
     <span class='ocr_line' id='line_1_39' title="bbox 291 3546 1361 3630; baseline 0.007 -23"><span class='ocrx_word' id='word_1_353' title='bbox 291 3554 321 3607; x_wconf 92' lang='lat' dir='ltr'><strong><em>et</em></strong></span> <span class='ocrx_word' id='word_1_354' title='bbox 342 3546 435 3607; x_wconf 88' lang='lat' dir='ltr'><strong><em>armis</em></strong></span> <span class='ocrx_word' id='word_1_355' title='bbox 449 3550 687 3629; x_wconf 70' lang='lat' dir='ltr'><strong><em>pacequendum</em></strong></span> <span class='ocrx_word' id='word_1_356' title='bbox 713 3568 776 3610; x_wconf 87' lang='lat' dir='ltr'><strong><em>esse</em></strong></span> <span class='ocrx_word' id='word_1_357' title='bbox 802 3552 957 3624; x_wconf 77' lang='lat' dir='ltr'><strong><em>carseolis,</em></strong></span> <span class='ocrx_word' id='word_1_358' title='bbox 980 3552 1127 3614; x_wconf 83' lang='lat' dir='ltr'><strong><em>commisi:</em></strong></span> <span class='ocrx_word' id='word_1_359' title='bbox 1160 3563 1217 3615; x_wconf 77' lang='lat' dir='ltr'><strong><em>atr</em></strong></span> <span class='ocrx_word' id='word_1_360' title='bbox 1229 3548 1361 3630; x_wconf 72' lang='lat' dir='ltr'><strong><em>sinestra</em></strong></span> 
     </span>
     <span class='ocr_line' id='line_1_40' title="bbox 291 3630 1364 3722; baseline 0.008 -30"><span class='ocrx_word' id='word_1_361' title='bbox 291 3630 457 3692; x_wconf 73' lang='lat' dir='ltr'><strong><em>canonia</em></strong></span> <span class='ocrx_word' id='word_1_362' title='bbox 467 3634 690 3716; x_wconf 73' lang='lat' dir='ltr'><strong><em>graodatc&#39;sque</em></strong></span> <span class='ocrx_word' id='word_1_363' title='bbox 703 3642 811 3695; x_wconf 81' lang='lat' dir='ltr'><strong><em>vestra</em></strong></span> <span class='ocrx_word' id='word_1_364' title='bbox 821 3632 914 3714; x_wconf 83' lang='lat' dir='ltr'><strong><em>sama</em></strong></span> <span class='ocrx_word' id='word_1_365' title='bbox 939 3637 1064 3722; x_wconf 83' lang='lat' dir='ltr'><strong><em>rnclgata</em></strong></span> <span class='ocrx_word' id='word_1_366' title='bbox 1078 3647 1246 3722; x_wconf 85' lang='lat' dir='ltr'><strong><em>pergentes</em></strong></span> <span class='ocrx_word' id='word_1_367' title='bbox 1260 3646 1317 3713; x_wconf 86' lang='lat' dir='ltr'><strong><em>est,</em></strong></span> <span class='ocrx_word' id='word_1_368' title='bbox 1334 3639 1364 3701; x_wconf 91' lang='lat' dir='ltr'><strong><em>si</em></strong></span> 
     </span>
    </p>
   </div>
   <div class='ocr_carea' id='block_1_3' title="bbox 593 3770 1059 3828">
    <p class='ocr_par' dir='ltr' id='par_1_3' title="bbox 593 3770 1059 3828">
     <span class='ocr_line' id='line_1_41' title="bbox 593 3770 1059 3828; baseline 0.013 -14"><span class='ocrx_word' id='word_1_369' title='bbox 593 3771 656 3828; x_wconf 82' lang='lat' dir='ltr'><strong><em>⁹qui</em></strong></span> <span class='ocrx_word' id='word_1_370' title='bbox 666 3770 741 3816; x_wconf 86' lang='lat' dir='ltr'><strong><em>Gran.</em></strong></span> <span class='ocrx_word' id='word_1_371' title='bbox 750 3770 820 3818; x_wconf 75' lang='lat' dir='ltr'><strong><em>Creu.</em></strong></span> <span class='ocrx_word' id='word_1_372' title='bbox 918 3775 980 3819; x_wconf 80' lang='lat' dir='ltr'><strong><em>rau</em></strong></span> <span class='ocrx_word' id='word_1_373' title='bbox 992 3773 1059 3820; x_wconf 74' lang='lat' dir='ltr'><strong><em>Eaed.</em></strong></span> 
     </span>
    </p>
   </div>
   <div class='ocr_carea' id='block_1_4' title="bbox 292 3880 1365 4007">
    <p class='ocr_par' dir='ltr' id='par_1_4' title="bbox 292 3880 1365 4007">
     <span class='ocr_line' id='line_1_42' title="bbox 324 3880 1365 3947; baseline 0.007 -17"><span class='ocrx_word' id='word_1_374' title='bbox 324 3880 434 3931; x_wconf 61' lang='lat' dir='ltr'><strong><em>sewen</em></strong></span> <span class='ocrx_word' id='word_1_375' title='bbox 445 3897 490 3929; x_wconf 88' lang='lat' dir='ltr'><strong><em>non</em></strong></span> <span class='ocrx_word' id='word_1_376' title='bbox 500 3884 582 3931; x_wconf 69' lang='lat' dir='ltr'><strong><em>mutto</em></strong></span> <span class='ocrx_word' id='word_1_377' title='bbox 595 3883 686 3945; x_wconf 83' lang='lat' dir='ltr'><strong><em>aarum]</em></strong></span> <span class='ocrx_word' id='word_1_378' title='bbox 705 3884 809 3931; x_wconf 81' lang='lat' dir='ltr'><strong><em>Etiamsi</em></strong></span> <span class='ocrx_word' id='word_1_379' title='bbox 842 3888 928 3947; x_wconf 71' lang='lat' dir='ltr'><strong><em>itaqua</em></strong></span> <span class='ocrx_word' id='word_1_380' title='bbox 938 3895 1004 3934; x_wconf 73' lang='lat' dir='ltr'><strong><em>certa</em></strong></span> <span class='ocrx_word' id='word_1_381' title='bbox 1014 3895 1108 3935; x_wconf 70' lang='lat' dir='ltr'><strong><em>conam</em></strong></span> <span class='ocrx_word' id='word_1_382' title='bbox 1122 3890 1180 3936; x_wconf 85' lang='lat' dir='ltr'><strong><em>huic</em></strong></span> <span class='ocrx_word' id='word_1_383' title='bbox 1196 3889 1365 3937; x_wconf 73' lang='lat' dir='ltr'><strong><em>emendationi</em></strong></span> 
     </span>
     <span class='ocr_line' id='line_1_43' title="bbox 292 3947 978 4007; baseline 0.003 -12"><span class='ocrx_word' id='word_1_384' title='bbox 292 3948 448 3995; x_wconf 74' lang='lat' dir='ltr'><strong><em>wneederem</em></strong></span> <span class='ocrx_word' id='word_1_385' title='bbox 462 3948 516 3994; x_wconf 86' lang='lat' dir='ltr'><strong><em>ilios</em></strong></span> <span class='ocrx_word' id='word_1_386' title='bbox 527 3961 576 3996; x_wconf 91' lang='lat' dir='ltr'><strong><em>non</em></strong></span> <span class='ocrx_word' id='word_1_387' title='bbox 586 3947 703 3993; x_wconf 82' lang='lat' dir='ltr'><strong><em>meruisse</em></strong></span> <span class='ocrx_word' id='word_1_388' title='bbox 715 3963 744 3994; x_wconf 83' lang='lat' dir='ltr'><strong><em>ea</em></strong></span> <span class='ocrx_word' id='word_1_389' title='bbox 754 3963 809 4007; x_wconf 78' lang='lat' dir='ltr'><strong><em>qua</em></strong></span> <span class='ocrx_word' id='word_1_390' title='bbox 841 3953 978 3997; x_wconf 77' lang='lat' dir='ltr'><strong><em>auctoritas.</em></strong></span> 
     </span>
    </p>
   </div>
   <div class='ocr_carea' id='block_1_5' title="bbox 292 4013 1365 4264">
    <p class='ocr_par' dir='ltr' id='par_1_5' title="bbox 292 4013 1363 4080">
     <span class='ocr_line' id='line_1_44' title="bbox 292 4013 1363 4080; baseline 0.006 -23"><span class='ocrx_word' id='word_1_391' title='bbox 292 4013 356 4071; x_wconf 80' lang='lat' dir='ltr'><strong><em>passi</em></strong></span> <span class='ocrx_word' id='word_1_392' title='bbox 367 4018 433 4058; x_wconf 86' lang='lat' dir='ltr'><strong><em>sunt.</em></strong></span> <span class='ocrx_word' id='word_1_393' title='bbox 876 4015 908 4060; x_wconf 82' lang='lat'><strong><em>39</em></strong></span> <span class='ocrx_word' id='word_1_394' title='bbox 930 4016 1000 4061; x_wconf 86' lang='lat' dir='ltr'><strong><em>Ultra</em></strong></span> <span class='ocrx_word' id='word_1_395' title='bbox 1025 4017 1087 4077; x_wconf 71' lang='lat' dir='ltr'><strong><em>Juga</em></strong></span> <span class='ocrx_word' id='word_1_396' title='bbox 1123 4016 1198 4062; x_wconf 82' lang='lat' dir='ltr'><strong><em>Tauri</em></strong></span> <span class='ocrx_word' id='word_1_397' title='bbox 1233 4017 1363 4080; x_wconf 75' lang='lat' dir='ltr'><strong><em>censatum]</em></strong></span> 
     </span>
    </p>

    <p class='ocr_par' dir='ltr' id='par_1_6' title="bbox 292 4073 1365 4264">
     <span class='ocr_line' id='line_1_45' title="bbox 324 4073 1365 4140; baseline 0.008 -20"><span class='ocrx_word' id='word_1_398' title='bbox 324 4075 478 4138; x_wconf 72' lang='lat' dir='ltr'><strong><em>SSqulcan]</em></strong></span> <span class='ocrx_word' id='word_1_399' title='bbox 495 4074 567 4135; x_wconf 74' lang='lat' dir='ltr'><strong><em>Legit</em></strong></span> <span class='ocrx_word' id='word_1_400' title='bbox 577 4073 706 4119; x_wconf 77' lang='lat' dir='ltr'><strong><em>Turnebus</em></strong></span> <span class='ocrx_word' id='word_1_401' title='bbox 714 4073 809 4118; x_wconf 78' lang='lat' dir='ltr'><strong><em>Pteleon</em></strong></span> <span class='ocrx_word' id='word_1_402' title='bbox 842 4077 922 4137; x_wconf 73' lang='lat' dir='ltr'><strong><em>Magis</em></strong></span> <span class='ocrx_word' id='word_1_403' title='bbox 939 4079 1069 4125; x_wconf 77' lang='lat' dir='ltr'><strong><em>Liuianum</em></strong></span> <span class='ocrx_word' id='word_1_404' title='bbox 1086 4081 1147 4126; x_wconf 80' lang='lat' dir='ltr'><strong><em>ioret</em></strong></span> <span class='ocrx_word' id='word_1_405' title='bbox 1165 4085 1275 4134; x_wconf 67' lang='lat' dir='ltr'><strong><em>mutans,</em></strong></span> <span class='ocrx_word' id='word_1_406' title='bbox 1295 4083 1365 4140; x_wconf 83' lang='lat' dir='ltr'><strong><em>quod</em></strong></span> 
     </span>
     <span class='ocr_line' id='line_1_46' title="bbox 292 4136 1364 4205; baseline 0.009 -25"><span class='ocrx_word' id='word_1_407' title='bbox 292 4147 324 4180; x_wconf 84' lang='lat' dir='ltr'><strong><em>ex</em></strong></span> <span class='ocrx_word' id='word_1_408' title='bbox 336 4138 437 4185; x_wconf 84' lang='lat' dir='ltr'><strong><em>Homeri</em></strong></span> <span class='ocrx_word' id='word_1_409' title='bbox 450 4136 810 4200; x_wconf 67' lang='lat' dir='ltr'><strong><em>catalogo‚&#39;nq741ttm&#39;&#39;ns-</em></strong></span> <span class='ocrx_word' id='word_1_410' title='bbox 841 4143 966 4188; x_wconf 81' lang='lat' dir='ltr'><strong><em>annotavit</em></strong></span> <span class='ocrx_word' id='word_1_411' title='bbox 981 4144 1117 4189; x_wconf 83' lang='lat' dir='ltr'><strong><em>Gronovius</em></strong></span> <span class='ocrx_word' id='word_1_412' title='bbox 1135 4145 1167 4189; x_wconf 79' lang='lat' dir='ltr'><strong><em>sd</em></strong></span> <span class='ocrx_word' id='word_1_413' title='bbox 1185 4157 1206 4189; x_wconf 89' lang='lat' dir='ltr'><strong><em>c.</em></strong></span> <span class='ocrx_word' id='word_1_414' title='bbox 1224 4144 1264 4189; x_wconf 82' lang='lat'><strong><em>50.</em></strong></span> <span class='ocrx_word' id='word_1_415' title='bbox 1285 4141 1364 4205; x_wconf 77' lang='lat' dir='ltr'><strong><em>hujus</em></strong></span> 
     </span>
     <span class='ocr_line' id='line_1_47' title="bbox 294 4197 1364 4264; baseline 0.011 -23"><span class='ocrx_word' id='word_1_416' title='bbox 294 4197 653 4264; x_wconf 58' lang='lat' dir='ltr'><strong><em>equimulnmmhncxrrcim.</em></strong></span> <span class='ocrx_word' id='word_1_417' title='bbox 673 4202 809 4260; x_wconf 78' lang='lat' dir='ltr'><strong><em>intraquo·</em></strong></span> <span class='ocrx_word' id='word_1_418' title='bbox 841 4204 903 4247; x_wconf 85' lang='lat' dir='ltr'><strong><em>libri.</em></strong></span> <span class='ocrx_word' id='word_1_419' title='bbox 937 4205 993 4250; x_wconf 79' lang='lat' dir='ltr'><strong><em>vio,</em></strong></span> <span class='ocrx_word' id='word_1_420' title='bbox 1009 4218 1081 4263; x_wconf 81' lang='lat' dir='ltr'><strong><em>supra</em></strong></span> <span class='ocrx_word' id='word_1_421' title='bbox 1097 4208 1113 4252; x_wconf 89' lang='lat' dir='ltr'><strong><em>l.</em></strong></span> <span class='ocrx_word' id='word_1_422' title='bbox 1131 4207 1274 4252; x_wconf 81' lang='lat' dir='ltr'><strong><em>xxxvu.</em></strong></span> <span class='ocrx_word' id='word_1_423' title='bbox 1287 4220 1308 4252; x_wconf 80' lang='lat' dir='ltr'><strong><em>c.</em></strong></span> <span class='ocrx_word' id='word_1_424' title='bbox 1322 4208 1364 4255; x_wconf 60' lang='grc' dir='ltr'><strong><em>ἄλ</em></strong></span> 
     </span>
    </p>
   </div>
   <div class='ocr_carea' id='block_1_6' title="bbox 292 4264 1365 4392">
    <p class='ocr_par' dir='ltr' id='par_1_7' title="bbox 292 4264 1365 4392">
     <span class='ocr_line' id='line_1_48' title="bbox 293 4264 1365 4331; baseline 0.013 -26"><span class='ocrx_word' id='word_1_425' title='bbox 293 4273 349 4319; x_wconf 81' lang='lat' dir='ltr'><strong><em>que¹</em></strong></span> <span class='ocrx_word' id='word_1_426' title='bbox 362 4276 382 4307; x_wconf 88' lang='lat' dir='ltr'><strong><em>c.</em></strong></span> <span class='ocrx_word' id='word_1_427' title='bbox 394 4265 434 4312; x_wconf 82' lang='grc'><strong><em>67.</em></strong></span> <span class='ocrx_word' id='word_1_428' title='bbox 446 4265 520 4327; x_wconf 86' lang='lat' dir='ltr'><strong><em>hujus</em></strong></span> <span class='ocrx_word' id='word_1_429' title='bbox 531 4268 594 4321; x_wconf 85' lang='lat' dir='ltr'><strong><em>libri,</em></strong></span> <span class='ocrx_word' id='word_1_430' title='bbox 611 4269 705 4312; x_wconf 81' lang='lat' dir='ltr'><strong><em>Antron</em></strong></span> <span class='ocrx_word' id='word_1_431' title='bbox 717 4271 742 4310; x_wconf 81' lang='lat' dir='ltr'><strong><em>et</em></strong></span> <span class='ocrx_word' id='word_1_432' title='bbox 754 4264 808 4311; x_wconf 84' lang='lat' dir='ltr'><strong><em>Pte·</em></strong></span> <span class='ocrx_word' id='word_1_433' title='bbox 840 4273 865 4311; x_wconf 82' lang='lat' dir='ltr'><strong><em>et</em></strong></span> <span class='ocrx_word' id='word_1_434' title='bbox 876 4267 892 4311; x_wconf 78' lang='lat' dir='ltr'><strong><em>t</em></strong></span> <span class='ocrx_word' id='word_1_435' title='bbox 904 4267 1059 4315; x_wconf 82' lang='lat' dir='ltr'><strong><em>xxxvlu.</em></strong></span> <span class='ocrx_word' id='word_1_436' title='bbox 1076 4284 1097 4320; x_wconf 77' lang='lat' dir='ltr'><strong><em>c.</em></strong></span> <span class='ocrx_word' id='word_1_437' title='bbox 1115 4269 1153 4318; x_wconf 75' lang='grc'><strong><em>53.</em></strong></span> <span class='ocrx_word' id='word_1_438' title='bbox 1166 4270 1296 4331; x_wconf 70' lang='grc' dir='ltr'><strong><em>εῐαῑίφιοῑ</em></strong></span> <span class='ocrx_word' id='word_1_439' title='bbox 1307 4272 1365 4319; x_wconf 78' lang='lat' dir='ltr'><strong><em>clii·</em></strong></span> 
     </span>
     <span class='ocr_line' id='line_1_49' title="bbox 292 4321 1182 4392; baseline 0.011 -22"><span class='ocrx_word' id='word_1_440' title='bbox 292 4321 348 4373; x_wconf 79' lang='lat' dir='ltr'><strong><em>laon</em></strong></span> <span class='ocrx_word' id='word_1_441' title='bbox 371 4331 400 4371; x_wconf 86' lang='lat' dir='ltr'><strong><em>ut</em></strong></span> <span class='ocrx_word' id='word_1_442' title='bbox 421 4328 506 4378; x_wconf 73' lang='lat' dir='ltr'><strong><em>vicina</em></strong></span> <span class='ocrx_word' id='word_1_443' title='bbox 528 4333 599 4377; x_wconf 80' lang='lat' dir='ltr'><strong><em>urbes</em></strong></span> <span class='ocrx_word' id='word_1_444' title='bbox 619 4326 807 4392; x_wconf 77' lang='lat' dir='ltr'><strong><em>conjunguntur.</em></strong></span> <span class='ocrx_word' id='word_1_445' title='bbox 840 4330 944 4378; x_wconf 80' lang='lat' dir='ltr'><strong><em>inlocis·</em></strong></span> <span class='ocrx_word' id='word_1_446' title='bbox 1179 4371 1182 4380; x_wconf 79' lang='grc'>,</span> 
     </span>
    </p>
   </div>
   <div class='ocr_carea' id='block_1_7' title="bbox 0 0 1481 4750">
    <p class='ocr_par' dir='ltr' id='par_1_8' title="bbox 0 0 1481 4750">
     <span class='ocr_line' id='line_1_50' title="bbox 0 0 1481 4750; baseline 0 0"><span class='ocrx_word' id='word_1_447' title='bbox 0 0 1481 4750; x_wconf 95' lang='lat' dir='ltr'><strong><em> </em></strong></span> 
     </span>
    </p>
   </div>
  </div>
 </body>
</html>
