2942 4750
15 9 124 303 l...

14 252 41 477 i
93 422 314 512 prasentm
337 415 434 491 sistit
454 417 504 491 ob
529 415 670 503 oculos,
692 424 735 491 et
755 413 878 491 rivam
899 414 1182 511 quodammodo

93 530 366 629 suspirantem
395 532 555 607 exhibet.
609 530 768 606 Illorum
796 539 971 628 suspecta
995 528 1182 607 interdum

15 654 16 658 '
60 708 68 725 .
93 635 152 719 est
172 646 294 721 otiosa
308 647 538 746 loquacitas:
563 646 624 722 hic
649 670 720 723 nos
745 644 880 742 frangit
902 643 1105 723 auctoritas
1127 645 1183 721 in·

94 759 302 836 eluctabilis
330 772 547 837 onustorum
574 761 769 860 hiumphis
796 761 948 847 ducum,
969 769 1008 834 et
1030 759 1183 838 memmi

90 884 180 974 post
192 877 386 955 hominum
403 878 621 952 memoriam
646 875 788 974 imperii
804 875 1051 951 conditorum.
1103 874 1182 953 De·

35 1020 48 1047 ·
89 990 203 1089 nique
218 992 367 1066 illorum
383 993 651 1090 praeceptiones
668 1015 747 1066 non
769 990 885 1067 modo
902 990 1015 1065 aridoe
1029 1015 1075 1065 ac
1085 990 1181 1086 jeju·

79 1114 149 1181 'ua
166 1106 257 1181 nihil
273 1106 613 1201 habentlenocinh
639 1107 731 1182 nihil
757 1106 969 1204 voluptatis,
987 1107 1056 1183 sed
1069 1106 1182 1180 etiam

488 204 833 285 PRAEFATIO.
1054 205 1185 285 xxxvii

89 1221 172 1320 ipsa
187 1220 437 1322 'precipiendi
470 1224 701 1322 professione
734 1224 940 1299 absterrent
973 1247 1018 1297 ac
1051 1223 1184 1320 fingant

87 1336 271 1413 indociles
298 1339 515 1437 plenumque
547 1340 741 1414 hominum
774 1338 942 1411 animos:
982 1336 1110 1417 Idviua
1142 1348 1181 1413 et

88 1453 190 1527 omni
204 1454 426 1552 eloquentia
451 1455 555 1527 cultu
580 1451 757 1527 salutaria
780 1450 923 1525 monita
938 1451 1048 1526 vestit
1062 1461 1101 1527 et
1115 1478 1179 1528 ex·

89 1578 213 1655 ornat,
235 1568 341 1641 etita
364 1568 535 1665 praecipit
558 1577 602 1641 ut
625 1542 792 1665 prorsus'
802 1566 917 1641 lateat
941 1567 1181 1664 praecipiendi

89 1685 300 1763 voluntas«
346 1683 505 1758 Nullum
536 1683 576 1756 in
608 1707 654 1756 eo
687 1680 887 1779 magisterii
920 1681 1180 1778 supercilium

87 1794 194 1874 nulla
218 1799 383 1874 doctoris
408 1823 589 1897 persona:
623 1798 789 1897 fallitque
815 1795 1012 1894 disciplina
1036 1796 1180 1877 virtutis

89 1924 177 1989 ante
192 1913 380 1989 insinuata
405 1900 602 2004 mentibus,
629 1939 743 2014 quam
768 1913 840 2013 ipsi
864 1912 930 2010 qui
945 1911 1097 1991 discunt
1112 1915 1180 1990 do

90 2029 164 2105 ceri
180 2057 261 2105 soee
277 2029 509 2127 intelligant.

140 2144 228 2220 Hoc
261 2146 457 2220 artificium
495 2147 633 2221 callide
671 2146 917 2244 deprehendit
956 2147 1009 2219 vir
1041 2148 1181 2225 exculti

90 2261 210 2335 multa
236 2259 466 2333 humanitate
497 2260 635 2357 ingenii
661 2258 908 2345 Corbinellus,
937 2258 1002 2355 qui
1034 2271 1192 2365 senten·-

88 2378 161 2452 tias
189 2401 211 2450 e
245 2374 352 2449 Livio
381 2373 559 2450 collectas
587 2373 744 2450 contulit
765 2373 805 2452 in
829 2370 1008 2460 libellum,
1037 2375 1179 2450 editum
1189 2394 1342 2469 muman

88 2491 244 2568 Passis
271 2514 370 2565 anno
401 2497 508 2568 rosa.
559 2489 608 2565 ln
634 2489 776 2580 monia
803 2488 909 2586 quos
938 2488 1026 2563 huto
1054 2459 1325 2599 uuriohld‘d

86 2609 281 2707 praefixum
309 2617 377 2694 est,
413 2608 589 2682 observat
620 2606 754 2695 editor,
787 2605 922 2682 mirum
953 2602 1343 2711 quibusdamffl„

89 2723 246 2798 fortasse
261 2722 377 2796 videri
401 2746 524 2820 posse,
551 2723 655 2821 quod
680 2720 745 2819 qui
760 2732 839 2796 tam
861 2745 940 2796 non
955 2718 1260 2831 sententioseffi
1279 2717 1334 2766 m

91 2837 277 2936 scripserit
293 2838 433 2926 livius,
452 2848 530 2916 tau
546 2839 683 2916 midtas
702 2863 751 2912 ex
767 2862 839 2913 suo
854 2861 965 2935 opere
980 2863 1181 2939 excerpen-

89 2954 161 3027 das
184 2953 385 3028 senmntias
410 2955 616 3051 prebuerit.
661 2955 738 3030 Sed
767 2979 902 3052 nempe
930 2954 1098 3053 egregim
1125 2957 1181 3032 di·

89 3067 201 3144 cendi
218 3067 360 3155 artifex,
376 3092 467 3156 non,
494 3069 706 3165 Polybiane
729 3069 976 3167 simplicitate,
1001 3079 1182 3172 tanquam

88 3207 294 3283 prnpureos
309 3207 468 3283 pannos,
486 3184 687 3259 narrationi
702 3184 904 3259 sententias
921 3182 1048 3257 assuit.
1080 3183 1181 3260 Lon·

89 3325 137 3398 ge
162 3298 215 3373 illi
236 3300 356 3395 major
381 3308 441 3374 est
461 3299 665 3400 venustatis
687 3309 726 3373 et
745 3296 1003 3397 aequabilitatis
1024 3297 1065 3371 in
1093 3296 1181 3374 scri·

89 3415 216 3489 bendo
243 3441 344 3490 cura.
395 3414 476 3490 Dat
501 3416 627 3517 itaque
650 3440 815 3515 operam,
836 3441 890 3502 aa,
919 3414 1022 3512 quod
1049 3423 1182 3513 postea

44 3589 51 3606 .
88 3529 291 3607 Petronius
317 3532 471 3619 monuit,
500 3535 685 3608 emenda
712 3535 891 3608 emineant
917 3544 1023 3608 extra
1051 3557 1180 3631 corpus
1188 3549 1297 3609 star-e·

86 3648 270 3724 orationis
285 3653 471 3746 caprasca
489 3652 553 3723 sed
566 3651 707 3723 intexto
723 3649 880 3723 satiba
895 3650 1012 3724 colore
1027 3651 1178 3724 niteant.
1190 3620 1245 3663 ιη’

138 3762 227 3837 Jam
251 3761 361 3857 igitur
386 3788 532 3861 aquam
557 3764 607 3838 de
632 3762 740 3838 Livio
766 3764 935 3840 videmur
958 3765 1052 3837 ferre
1067 3782 1344 3895 posseqssuaaffia

50 3921 53 3928 ·
89 3874 322 3952 sententiam.
373 3877 469 3953 Tres
491 3877 686 3977 precipua
712 3890 799 3954 sumt
822 3878 983 3955 historia
1000 3878 1120 3964 dotes,
1137 3862 1251 3960 utra}u
1310 3861 1337 3895 ⁰'

90 4015 189 4079 vera,
208 4001 250 4067 ut
260 3992 444 4087 jucunda,
462 4005 504 4070 ut
520 3993 620 4069 utilis
638 3994 695 4069 sit.
748 3996 876 4093 Atque
893 3993 990 4068 adeo
1008 3991 1078 4065 tria
1094 4001 1183 4066 sumt

15 4157 20 4222 q
87 4106 254 4183 historici
270 4107 403 4199 officia,
429 4119 472 4185 ut
496 4136 554 4186 res
579 4120 703 4209 gestas
728 4137 817 4187 cum
842 4110 916 4183 fide
931 4117 1181 4207 repraesentet,

89 4230 134 4297 ut
148 4222 193 4298 iis
209 4225 414 4302 mactandis
439 4226 689 4327 eloquentiam
714 4226 902 4315 adhibeat,
919 4235 961 4301 ut
984 4224 1119 4332 hausta
1133 4251 1183 4301 ex

609 4351 670 4417 c3
