2942 4750
249 243 289 302 22
634 236 742 296 TlTl
773 232 911 297 Livii
1004 266 1009 274 ·

92 421 227 470 nostr·
254 406 289 470 iu
316 403 519 489 Prytaneum,
543 400 587 485 (id
604 411 651 464 est
664 403 826 484 penetrale
847 401 945 481 urbis,
965 398 1021 466 ubi
1043 398 1181 485 publice,
1203 398 1324 486 quinne

92 488 124 533 Λ·
135 488 161 535 ⁰·
174 486 228 535 ¹⁷&
255 491 281 555 is
295 490 399 555 honos
412 489 505 555 datus
528 500 584 566 eat,
601 491 780 569 vescuntur)
798 508 871 550 rasa
892 508 989 551 aures
1009 508 1127 551 meusoe
1148 487 1244 551 unius
1262 509 1325 579 po-

256 577 329 642 suit.
375 574 520 653 Rhodiis,
536 576 602 636 ⁸⁷ut
624 572 703 636 nihil
724 593 825 636 uuum
847 573 981 661 insigne,
996 573 1041 638 ito
1061 574 1166 637 omnis
1226 574 1322 652 ueris,

255 677 440 750 utquisque
455 681 529 722 usus
546 680 657 722 eorum
675 659 926 742 postulaverunt,
941 659 1027 724 dona
1047 658 1146 724 dedit
1232 659 1322 748 agni-

255 749 392 814 ilcentire
406 746 529 810 veroin
546 744 633 809 Deos
655 748 704 807 vel
725 745 815 809 Jovis
837 745 981 831 Olympii
1003 745 1157 828 templum
1175 746 1321 824 Athenis,

256 856 357 900 uuum
371 832 404 894 in
420 832 512 895 terris
528 830 712 896 inchoatum
734 853 795 915 pro
817 831 1038 931 magnitudine
1052 831 1126 912 Dei,
1142 844 1247 916 potest
1261 845 1324 897 tes·

257 922 298 984 tis
319 940 393 982 esse.
439 919 459 951 ⁸⁸
472 916 536 982 Sed
559 927 590 981 et
613 916 719 981 Delon
744 918 804 981 aris
825 918 1003 1005 insignibus
1018 928 1255 1003 statuarumque
1269 940 1326 984 eo-

256 1005 311 1091 pia
334 1004 519 1068 exornavit:
543 1014 574 1067 et
601 1002 784 1066 Antiochiae
810 1005 899 1067 lovis
922 1003 1095 1088 Capitolini
1119 1005 1325 1086 magnificum

156 1093 165 1107 '
258 1090 422 1176 templum,
440 1112 505 1153 non
526 1088 708 1173 laqueatum
731 1110 809 1151 suro
833 1099 965 1166 tantum,
982 1088 1037 1153 sed
1055 1089 1228 1174 parietibus
1248 1091 1327 1153 totis

258 1176 377 1241 lomina
390 1177 582 1252 inauratum,
597 1186 631 1238 et
643 1175 706 1239 alis
728 1174 828 1239 multa
842 1175 875 1238 in
890 1175 960 1239 aliis
974 1175 1050 1239 locis
1065 1176 1233 1260 pollicitus,
1246 1176 1328 1269 fluis
1381 1242 1418 1271 ,κ

258 1264 411 1348 perbreve
425 1274 549 1348 tempus
565 1262 655 1348 regni
677 1262 744 1346 ejus
764 1261 834 1338 fuit,
849 1282 914 1324 non
935 1261 1075 1344 perfecit.
1121 1261 1325 1344 spectaculo-
1380 1329 1388 1344 ,

205 1366 211 1377 ·
259 1370 332 1412 rum
355 1371 481 1435 quoque
505 1349 610 1412 omnis
630 1349 756 1435 generis
780 1347 1016 1433 magnificentia
1036 1348 1214 1431 superiores
1236 1369 1327 1437 reges

259 1435 351 1510 vicit3
373 1437 596 1521 ⁸‘reliquorum
611 1434 659 1496 sui
676 1434 785 1506 moris,
798 1447 830 1496 et
844 1434 936 1516 copia
951 1435 1141 1497 Graecorum
1156 1434 1325 1498 artificum.

261 1520 486 1588 Gladiatorum
508 1542 623 1584 munus
646 1519 804 1584 Romanoe
825 1519 1061 1583 consuetudinis
1081 1519 1187 1604 primo
1208 1520 1326 1604 majore

260 1629 334 1672 cum
355 1619 477 1671 terrore
498 1605 676 1680 homiuum,
699 1607 895 1669 insuetorum
929 1604 971 1669 sd
1003 1604 1066 1670 tale
1098 1605 1324 1690 spectaculum,

261 1716 356 1780 quem
388 1693 560 1776 voluptate,
587 1690 691 1754 dedit:
725 1690 842 1755 deinde
863 1692 979 1779 soepius
1006 1690 1126 1772 dando,
1147 1705 1180 1755 et
1200 1691 1327 1756 ”modo

260 1779 446 1844 vulneribus
473 1792 576 1858 tenus,
599 1775 696 1839 modo
718 1777 786 1840 sine
813 1777 962 1841 missione
984 1777 1090 1855 etiam,
1113 1789 1144 1840 et
1173 1776 1327 1842 familiare

260 1869 361 1930 oculis
413 1877 579 1949 ratumque
601 1861 636 1925 id
665 1862 880 1946 spectaculum
898 1862 982 1938 fecit,
1010 1876 1043 1925 et
1071 1883 1234 1927 nrmorum
1260 1873 1326 1926 stu·

260 1951 350 2014 dium
371 1890 531 2051 plerisque
552 1952 706 2036 juvenum
728 1949 882 2012 accendit.
937 1948 1060 2033 Itaque,
1084 1947 1138 2032 qui
1160 1949 1265 2032 primo
1286 1951 1328 2013 ab

263 2035 368 2100 Roma
381 2057 505 2122 magnis
522 2034 661 2121 praemiis
682 2024 1019 2121 paratosgladiatores
1041 2052 1196 2098 arcessere
1217 2034 1330 2100 solitus

261 2121 422 2206 erat,Jam
437 2143 497 2185 suo

683 2274 900 2312 1·ξῦ

305 2390 399 2456 ΧΧΙ.
423 2392 485 2431 ”⁸
498 2391 555 2476 pio
568 2392 652 2456 inter
674 2389 869 2476 peregrinos.
916 2389 967 2454 Μ.
983 2388 1080 2454 Atilio
1101 2389 1234 2475 prsstori
1254 2409 1329 2474 pro·

257 2478 367 2542 vincis
390 2478 538 2544 Sardinia
562 2477 753 2542 obvenerat:
786 2474 840 2537 sed
867 2497 941 2538 cum
969 2474 1095 2561 legione
1116 2498 1208 2552 novs,
1231 2497 1328 2562 quem

256 2564 409 2628 consules
422 2564 686 2645 conscripserant,
703 2561 844 2644 quinque
858 2560 998 2624 millibus
1018 2560 1160 2644 peditum
1184 2561 1331 2625 trecentis

261 2646 483 2732 equitibusin
499 2646 661 2708 Corsicam
676 2648 785 2729 jussus
799 2656 846 2707 est
859 2646 1004 2709 transire.
1020 2645 1096 2711 dum
1111 2647 1137 2708 is
1152 2646 1196 2710 ibi
1212 2645 1330 2712 bellum

258 2746 398 2817 gereret,
414 2735 433 2766 ⁹¹
445 2730 597 2793 Cornelio
611 2741 817 2814 prorogatum
833 2729 1012 2811 imperium,
1028 2733 1072 2795 uti
1085 2730 1243 2795 obtineret
1257 2732 1333 2795 Ser·

262 2816 395 2880 (liniam.
411 2863 414 2870 .
430 2814 493 2879 Cu.
508 2814 644 2878 Servilio
660 2813 807 2897 Caepioni
829 2814 863 2877 in
883 2808 1074 2901 Hispaniam
1088 2816 1332 2895 ulteriorem„et

266 2963 317 3009 sive
336 2960 433 3024 publico
452 2965 553 3018 sumptu
573 2958 605 3004 uli
623 2958 715 3011 solitos.
733 2957 788 3015 qui·
820 2972 907 3019 nempe
915 2962 1084 3021 gladiatorium
1092 2977 1197 3010 munus:
1209 2965 1334 3025 quodqui-

259 3023 313 3073 ‘isus
330 3025 352 3071 is
370 3025 447 3070 honos
466 3024 538 3068 dutus
556 3029 601 3075 est,
622 3022 648 3067 id
664 3023 694 3068 de
710 3021 788 3066 Athe·
819 3025 876 3070 dem
887 3026 966 3085 primo
976 3024 1069 3089 majore
1080 3042 1137 3075 cum
1148 3035 1257 3075 terrore·
1268 3059 1275 3073 ·
1287 3032 1334 3075 Ar-

265 3090 306 3137 aia
324 3090 479 3136 notissimum
496 3092 534 3131 est
550 3087 670 3132 omnibus
705 3085 751 3131 Sed
762 3090 788 3130 et
820 3089 897 3135 tideee
914 3090 955 3136 hic
973 3093 1123 3152 intelligendi
1142 3100 1208 3147 suut,
1226 3102 1255 3141 ut
1270 3092 1332 3139 tv.

266 3155 293 3202 in
304 3154 357 3201 aliis
363 3165 459 3214 quoque
465 3150 557 3197 Grecis
564 3151 664 3197 urbibus
670 3150 785 3196 eumdem
817 3165 899 3212 supra,
911 3168 933 3201 e.
944 3154 961 3199 l.
972 3157 990 3201 ii
1001 3170 1105 3216 quorum
1124 3171 1196 3218 opera
1213 3159 1264 3204 ludi
1280 3170 1334 3216 per-

266 3230 361 3264 morem
371 3221 567 3270 servatumesse,
579 3215 619 3261 hic
636 3215 702 3262 iocus
719 3213 786 3260 testi·
818 3224 932 3276 aguntur,
955 3227 1015 3280 puts
1040 3222 1176 3276 histriones,
1200 3223 1334 3274 saltatores,

266 3281 404 3326 monioest.
432 3295 435 3302 ·
818 3281 937 3336 tibicines,
951 3283 995 3330 &c

298 3342 535 3406 8⁷Ut1Perticula
550 3346 577 3388 st
592 3339 686 3403 sujecta
702 3348 740 3389 est
756 3356 787 3390 ex
851 3345 883 3393 ⁹0
898 3346 1335 3404 Modowherdummmodoehe

267 3406 427 3455 Freinshernii
436 3413 461 3451 et
468 3407 584 3462 Gronovii
594 3407 720 3453 sententis.
817 3411 925 3457 morione
939 3412 1021 3475 num]
1040 3414 1115 3460 Modo
1130 3416 1164 3460 ita
1177 3420 1206 3461 ut
1222 3416 1334 3461 vulnera-

298 3470 331 3518 88
352 3470 398 3518 Sed
420 3475 443 3516 et
464 3471 538 3518 Delos
568 3472 618 3517 arie
643 3470 785 3534 ragnum]
818 3482 903 3521 rentur
913 3481 1010 3522 tentum
1026 3478 1179 3538 gladiatores,
1196 3493 1245 3525 non
1261 3480 1336 3525 inter·

269 3534 386 3582 iiieolirn
403 3534 611 3596 legebaturDslovr
626 3536 704 3582 moris.
727 3538 785 3582 Cor·
818 3539 962 3595 terrentur:
991 3544 1064 3589 modo
1085 3544 1116 3589 ad
1143 3557 1228 3590 necem
1251 3556 1334 3604 usque·

267 3610 351 3646 rexere
368 3597 472 3644 Vossius
493 3605 518 3646 et
537 3599 679 3648 Gronovius
723 3601 786 3655 Qute
816 3600 904 3648 Meso
919 3611 971 3651 erat
986 3606 1064 3665 gratia
1078 3607 1202 3653 deserendi
1217 3619 1334 3668 pugnam

267 3662 405 3708 emendatio
417 3662 505 3709 sivera
521 3671 567 3722 ost,
578 3663 618 3709 hic
630 3663 715 3711 Livius
726 3679 785 3725 peu·
817 3679 873 3726 quae
885 3669 987 3714 dabatur
997 3670 1126 3730 aliquando
1138 3673 1208 3718 victis
1218 3674 1336 3734 gladiato·

267 3725 320 3772 lum
338 3727 448 3772 discessit
465 3740 480 3771 a
491 3725 600 3790 Polybio.
619 3729 661 3787 qui
679 3730 787 3789 loquitur
818 3731 892 3776 ribus.
925 3732 1008 3785 Quum
1024 3742 1107 3781 autem
1123 3736 1237 3796 placeret,
1253 3743 1282 3783 ut
1295 3749 1335 3782 eo·

253 3793 438 3836 'tantummodo
448 3792 478 3836 de
486 3791 573 3837 statuis
582 3792 645 3839 eirca
652 3793 708 3838 Deli
718 3807 786 3840 erem
818 3807 895 3854 usque
905 3805 1054 3856 pugnaretur
1071 3800 1148 3846 donec
1164 3802 1279 3846 alteruter
1296 3814 1335 3847 oe·

267 3855 299 3902 eb
310 3854 431 3902 Antiocho
442 3855 534 3914 positis
817 3861 950 3913 cumberet,
969 3862 1094 3909 dicebatur
1113 3876 1196 3924 pugna
1212 3866 1262 3911 eine
1278 3865 1335 3910 mle·

300 3917 333 3965 89
349 3917 503 3978 Reliquorum
515 3919 645 3981 suimorir]
663 3919 721 3966 Vox
732 3921 787 3966 reii-
819 3925 888 3968 sione.
922 3925 961 3971 Sic
976 3924 1039 3971 Flos.
1052 3929 1068 3972 1,
1082 3928 1160 3975 llic.
1172 3929 1211 3976 20.
1223 3931 1254 3975 de
1265 3929 1337 3988 Spar·

267 3996 365 4047 quorum
383 3984 507 4043 pendete
524 3984 669 4042 precedenti
688 3985 787 4031 nomine
820 3988 867 4032 tasi
894 3988 1028 4036 militibus:
1056 3991 1153 4052 dignam
1180 3995 1239 4038 nivis
1264 3992 1338 4038 obiere

268 4047 454 4105 psmmtomns
498 4045 565 4091 Dicit
582 4046 667 4092 Livius
685 4049 716 4093 ab
735 4052 787 4094 An·
819 4055 930 4097 morters:
953 4057 984 4107 rt,
1004 4055 1064 4114 quod
1080 4056 1121 4101 aab
1136 4058 1266 4117 glodirrtorr
1281 4056 1337 4103 daec
1403 4065 1408 4070 ’

164 4129 167 4133 *
268 4109 348 4154 tiorho
368 4116 492 4170 superatos
508 4123 560 4156 esse
576 4111 709 4170 superiores
720 4126 788 4172 reges
820 4118 929 4174 oponait,
948 4117 997 4163 siue
1015 4120 1122 4166 misdovre
1140 4125 1275 4183 pergentem
1295 4126 1337 4168 ert.

251 4172 449 4230 'magnificentia
481 4174 675 4234 spectaculorum
708 4177 788 4222 omnis
821 4176 886 4224 Vide
896 4181 1037 4243 pluraapud
1048 4182 1114 4243 Lips-
1126 4185 1223 4233 Saturn.
1235 4185 1269 4232 11.
1281 4184 1320 4231 21.

252 4233 373 4296 'pneris
384 4249 415 4281 ex
425 4239 514 4296 quibus
529 4244 608 4284 cetera
624 4239 698 4284 moris
708 4240 788 4287 Greci
853 4242 882 4289 al
903 4244 1008 4293 Cornelio
1024 4253 1180 4308 prorogatum
1200 4248 1337 4312 mmmm]

269 4303 347 4353 aaut
363 4303 389 4343 et
404 4311 461 4345 cum
477 4301 546 4360 copia
556 4303 696 4349 Graeeorum
713 4305 787 4350 ortiti·
821 4301 886 4354 Hine
896 4316 995 4369 apparet
1006 4310 1146 4360 Cornelium
1162 4312 1284 4374 mpedore
1294 4326 1339 4359 su-

252 4373 343 4421 ‘cum3
365 4373 443 4410 unum
461 4363 580 4412 nomano
596 4369 786 4428 consuetudinis,
818 4385 851 4420 no
861 4379 990 4435 pretorem
1001 4373 1083 4424 fuisse.
1313 4399 1315 4404 ¹
