2942 4750
443 143 535 203 aru.
554 138 647 203 xcv.
666 142 775 233 cnr..
788 143 913 205 xxxv,
1145 151 1205 204 eos

145 313 369 385 pervenerant,
383 325 483 389 quum
495 306 653 370 Eumenes
672 306 713 371 ad
737 306 851 371 Sardes
873 305 1014 389 undiquc
1035 302 1206 370 exercitum
1217 321 1352 370 uuum
1404 334 1408 341 ’

147 399 362 451 ,connexerat
408 390 457 452 lbi
471 403 503 454 et
520 392 657 454 Romani
681 391 888 455 Solovettium
911 391 1024 453 (lucem
1041 390 1206 469 Gallorum
1216 389 1246 432 Α·
1258 386 1286 432 ‘²
1299 384 1353 432 ¹⁶⁷·

152 470 313 552 Synnadis
326 472 474 550 adlocuti,
491 488 522 538 et
537 476 662 539 Attalus
679 476 811 539 cumeis
832 474 1009 558 profectus3
1032 477 1084 537 sed
1107 489 1208 539 castre
1288 498 1291 503 ·

152 554 321 652 ⁹(italiorum
336 558 460 622 intrare
469 581 542 622 eum
555 582 620 622 non
636 560 764 643 placuit,
777 582 816 622 ne
826 560 922 622 animi
934 581 974 622 ex
983 558 1209 642 disceptatione

151 653 361 704 nutarentur.
406 644 443 708 P.
467 644 608 706 Licinius
621 667 693 708 cum
709 646 820 731 regulo
836 644 1002 707 Gallorum
1013 658 1060 706 est
1075 646 1207 721 locutus,

147 723 358 822 ‘'retulitque,
374 725 557 791 ferociorem
579 751 651 791 eum
674 728 871 812 deprecando
892 728 1019 792 fuerunt.
1037 743 1071 791 ut
1094 730 1209 792 mirum

153 807 255 871 rideri
271 822 382 893 posset,
397 812 580 875 intertumy
596 813 762 896 opulentos
779 836 876 899 reges,
893 813 1086 876 Antiochum
1105 813 1210 889 Ptole·
1298 856 1302 865 ·
1356 844 1361 863 ι

153 914 345 977 maeumque,
371 908 493 960 tantum
516 897 692 982 legatorum
713 898 931 961 Romanorum
951 898 1045 961 verba
1066 897 1208 973 valuisse,

151 982 366 1125 ptextemplo
379 1003 489 1063 pacem
504 981 659 1058 facerent3
682 985 766 1065 apud
790 983 901 1047 Gallos
920 982 1037 1055 nullius
1059 982 1211 1046 momenti

169 1084 261 1127 uisse.

171 1234 178 1247 ι
201 1147 351 1247 Xlle'.
377 1152 511 1214 Romam
529 1155 668 1236 primum
684 1175 773 1239 reges
788 1152 912 1236 captivi,
931 1151 1062 1215 Perseus
1076 1165 1107 1215 et
1123 1153 1210 1217 Gen·

154 1244 229 1308 trus,
245 1254 278 1296 rn
294 1237 467 1299 custodiam
481 1258 554 1302 cum
569 1238 675 1302 liberis
690 1238 837 1313 abducti3
860 1238 933 1299 dein
956 1238 1048 1300 turba
1062 1238 1122 1300 alio
1137 1260 1210 1320 cap-

152 1319 312 1382 tivorum:
346 1336 413 1384 tum
437 1323 552 1406 quibus
582 1323 796 1386 Macedonum
823 1321 1045 1384 denunciatum
1072 1335 1148 1399 erat,
1176 1337 1212 1387 ut

156 1404 293 1467 Romam
320 1408 471 1482 venirent,
499 1408 742 1491 principumque
768 1407 913 1470 Graeciae.
938 1427 1010 1467 nam
1033 1406 1065 1468 bi
1085 1429 1211 1506 quoque

151 1509 221 1551 non
246 1489 345 1552 solum
396 1502 539 1554 raesentes
560 1493 656 1556 exciti
677 1504 778 1568 erant,
799 1491 855 1554 sed
877 1489 981 1566 etiam,
1005 1490 1029 1553 si
1052 1514 1106 1573 qm
1126 1493 1209 1575 apud

154 1595 244 1657 reges
270 1595 335 1637 esse
385 1575 554 1652 icebantur,
577 1578 679 1640 literis
705 1577 842 1640 arcessiti
865 1587 947 1638 sunt.
993 1575 1120 1639 Paullus
1144 1581 1372 1661 ipsePsunmlto-

153 1672 229 1741 post
252 1658 319 1721 dies
343 1682 460 1743 pancos
483 1664 568 1746 regin
591 1684 670 1725 nave
695 1662 832 1748 ingentis
856 1683 906 1723 ma
931 1660 1091 1735 nitudinis,
1114 1682 1209 1744 quem
1218 1659 1374 1733 meruel·

154 1744 314 1841 sexdecim
329 1766 436 1808 versus
451 1767 608 1809 remorum
621 1749 765 1833 agebant,
781 1761 890 1809 ornata
907 1684 1123 1808 itacedonicis
1137 1765 1209 1827 spo-
1218 1723 1321 1829 fflffl
1339 1789 1365 1829 e,

153 1826 215 1903 his,
242 1850 307 1891 non
329 1830 499 1916 insignium
521 1844 640 1896 tentum
663 1854 835 1908 armornm,
859 1831 912 1893 sed
935 1830 1027 1891 etiam
1050 1830 1209 1912 regiorum
1220 1815 1340 1894 bennui.

153 1913 325 1989 textilium,
339 1915 472 1978 adverso
486 1915 518 1978 T
517 1916 601 1980 iberiv
612 1917 654 1980 ad
669 1919 779 1981 urbem
796 1929 842 1980 est
857 1915 1034 1989 subvectus,
1050 1913 1212 1996 completis

153 1998 234 2081 ripis
249 1999 371 2062 obviam
394 2000 492 2064 effusa
512 2002 722 2066 multitudine.
769 2003 890 2066 Paucos
912 2011 985 2084 post
997 1999 1063 2062 dies
1082 1999 1212 2062 Anicius

155 2097 188 2146 et
204 2082 357 2147 Octavius
371 2089 467 2151 classe
485 2108 543 2150 sua
562 2088 693 2151 arltecti.
738 2087 856 2150 Tribus
877 2088 915 2149 iis
937 2084 1083 2147 omnibns
1104 2085 1211 2147 decre·

158 2182 209 2231 tus
223 2181 271 2231 est
284 2166 325 2231 ab
339 2184 450 2233 senatu
464 2173 661 2253 triumphus:
684 2173 866 2235 mandatum
890 2194 930 2233 ue
946 2170 990 2244 Q.
1006 2170 1114 2232 Cassio
1128 2191 1211 2252 proe-
1220 2181 1371 2238 unumpuus

155 2254 233 2327 tori,
249 2274 322 2315 cum
336 2255 470 2315 tribunis
484 2255 584 2335 plebis
598 2277 638 2317 ex
658 2257 846 2318 auctoritate
868 2195 998 2315 latrum
1022 2267 1137 2337 ageret,
1160 2247 1369 2314 rspmdoerems

157 2337 320 2423 gationcm
335 2338 374 2399 ad
394 2336 517 2419 plebem
538 2337 667 2412 ferrent,
689 2351 724 2400 ut
748 2338 795 2412 iis,
816 2358 880 2419 quo
900 2335 952 2398 dic
969 2337 1080 2398 urbem
1102 2312 1338 2397 triani-“⁸²¹¹⁸²¹¹·

159 2420 297 2506 phantes
311 2420 542 2494 inveherentur,
558 2422 725 2501 imperium
743 2431 832 2482 esset.
876 2419 1003 2480 Intacta
1019 2418 1136 2479 invidis
1149 2440 1213 2480 me-

158 2506 216 2569 dia
241 2517 334 2566 sunt:
367 2503 408 2566 nd
427 2525 552 2566 summa
571 2503 668 2567 ferme
688 2502 799 2565 tendit.
824 2524 881 2564 nec
898 2503 937 2564 de
960 2502 1077 2577 Anicii,
1099 2522 1154 2563 uec
1174 2502 1215 2565 de

160 2590 291 2655 Octavii
306 2587 470 2673 triumpho
484 2587 662 2652 dubitatum
681 2602 746 2652 ests
771 2587 925 2663 Paullum,
950 2587 1000 2649 cui
1015 2587 1074 2670 ipsi
1090 2597 1320 2671 quoque'utum.

63 2695 71 2714 ·
155 2699 196 2740 se
225 2695 409 2758 comparare
438 2673 643 2750 erubuissent,
674 2673 861 2737 obtrectatio
890 2672 1014 2756 carpsit
1073 2663 1379 2771 Antiquaffll'wr

65 2831 70 2846 ι
156 2758 638 2846 disciplinamilitesbabuera13
660 2759 700 2822 de
714 2759 823 2841 [uoeda
843 2757 979 2841 parcius,
1000 2779 1095 2843 quam
1110 2732 1346 2849 spera-,imgss

83 2847 91 2862 ‘
159 2858 321 2910 verantes
341 2845 436 2908 tantis
457 2845 551 2931 regiis
573 2846 698 2928 opibus,
719 2844 849 2907 dederat
870 2842 950 2906 ni'nil
967 2843 1152 2917 relicturis¹,
1177 2844 1215 2926 (si
1224 2854 1315 2900 volunt

160 2930 300 2995 aviditati
324 2929 553 3013 indulgeretur)
577 2931 662 3014 quod
689 2931 722 2992 in
752 2930 899 2991 oererium
925 2927 1069 2990 deferret.
1114 2928 1217 2991 Totus

162 3016 391 3080 Macedonicus
407 3016 561 3078 exercitus
576 3015 758 3098 imperatori
779 3027 846 3076 erat
868 3013 1070 3098 neglegenter
1091 3011 1217 3076 adfutu-

161 3124 215 3164 rus
231 3101 364 3165 comitiis
385 3099 523 3163 ferendae
543 3100 629 3185 legis.
674 3099 738 3163 Sed
757 3121 810 3161 eos
835 3101 903 3162 Ser.
921 3096 1078 3179 Sulpicius
1101 3095 1216 3173 Galba,

163 3188 218 3271 qui
232 3186 378 3248 tribunus
392 3185 529 3248 militurn
543 3184 689 3247 seeundae
704 3183 836 3270 legionis
849 3184 883 3244 in
901 3182 1090 3264 Macedonia
1105 3181 1216 3256 isserat,

155 3271 310 3352 privatim
333 3270 514 3352 imperatori
540 3270 694 3344 inimicus,
717 3266 896 3351 prensando
922 3267 1005 3350 ipse„
1023 3276 1055 3328 et
1075 3286 1132 3347 per
1153 3287 1218 3330 suae

153 3355 293 3441 ‘legionis
315 3356 429 3418 milites
451 3354 659 3430 sollicitando,
683 3352 905 3426 stimulaverat,
926 3363 963 3413 ut
983 3350 1158 3434 frequentes
1179 3351 1220 3413 ad

165 3440 348 3527 suffragium
363 3439 523 3503 adessent:
548 3441 741 3522 Imperiomm
762 3441 862 3500 ducem
885 3446 914 3498 et
927 3437 1116 3520 ”malignam
1135 3437 1220 3498 anti·

164 3529 287 3609 quondo
300 3525 494 3609 rogationem,
510 3547 577 3609 qrtae
591 3528 629 3588 de
642 3524 791 3604 triumpho
805 3522 867 3604 ejas
875 3521 1024 3604 ferretur,
1047 3523 1221 3585 ulcisceren-

165 3623 225 3674 tnr.
242 3611 361 3692 plebem
375 3610 518 3673 arbanam
536 3620 706 3673 scaenarum
727 3628 789 3670 esse
809 3608 932 3668 militina
943 3604 1078 3687 judicia.
1127 3607 1222 3668 Pent-

165 3698 245 3759 nicm
262 3698 344 3759 illum
359 3697 432 3758 dare
453 3717 513 3757 non
527 3695 670 3776 potuisse,
684 3693 834 3754 ”militem
855 3692 995 3753 honorem
1017 3694 1093 3754 dore
1102 3694 1219 3772 posse?

166 3804 205 3844 ne
217 3791 354 3863 speraret
369 3781 413 3843 ibi
413 3780 551 3862 fructum
565 3779 689 3863 gratim,
701 3777 754 3839 ati
768 3773 828 3839 non
842 3779 1003 3840 meruisset.

405 3919 417 3957 t
429 3919 477 3961 tam
487 3916 532 3960 del.
544 3917 618 3962 Grou.
629 3915 696 3960 Creu.
764 3916 778 3943 ²
788 3912 908 3958 relicuum
920 3911 986 3956 uec

199 4053 231 4099 68
247 4052 379 4110 [intulitque
382 4049 531 4110 ferociorem]
549 4049 606 4094 Vid.
624 4063 679 4107 qua·
711 4050 819 4096 hocloco
831 4048 923 4092 variant
934 4042 1065 4089 admodum
1076 4036 1223 4090 doctissimo.

166 4117 336 4163 annotavimus
347 4127 420 4172 supra
430 4113 460 4158 ud
471 4125 491 4157 c.
503 4113 542 4158 20.
711 4126 767 4159 rum
788 4125 884 4171 quoque
906 4110 1065 4162 interpretum
1091 4103 1223 4150 sententia.

198 4180 231 4226 69
246 4176 395 4238 Melignum]
408 4176 488 4221 Nimis
499 4188 605 4234 parcium.
712 4176 789 4222 Nobis
799 4175 860 4220 ulhil
871 4171 958 4216 melius
969 4167 1071 4220 videtin,
1079 4176 1153 4224 qum
1161 4169 1226 4225 quod

199 4244 230 4292 to
245 4241 352 4288 Militem
366 4241 472 4286 lunarem
488 4239 543 4285 darc
553 4239 630 4301 portel
642 4239 680 4286 De
712 4239 810 4299 sigonio
821 4235 924 4296 placuitr
941 4229 1038 4281 stillim
1052 4230 1157 4282 lenm
1171 4229 1227 4282 dm
