2942 4750
247 242 286 297 st
625 236 735 297 ΤῙΤΙ
767 235 903 299 Ltvtl

85 419 220 469 u.c.sta
249 403 386 489 ritesqss
413 422 455 467 an
574 400 608 464 in
638 400 761 485 oppido
789 422 849 467 suo
868 401 1029 489 jubatum,
1052 402 1155 469 ateis
1183 402 1315 471 manha

83 487 115 533 Α·
126 484 155 536 ⁰·
167 485 220 535 ¹⁷4
248 511 404 576 sparsum,
421 420 603 573 ffim
625 486 845 587 adfirmabant.
867 501 909 568 et,
925 490 960 553 in
981 510 1061 579 agro
1075 489 1243 578 Campano
1256 492 1316 557 ba·

247 598 320 642 vem
335 572 475 641 locutum
490 592 566 649 csse,
581 582 659 636 satis
673 578 848 640 constabat.
1306 624 1310 631 .

289 662 406 729 XXlI.
430 659 544 745 Legati
557 660 579 693 ⁹⁸
591 659 694 724 Nonis
712 661 841 726 Juniis¹¹
855 684 896 727 ex
919 663 1030 728 Africa
1050 663 1224 742 redierunt,
1247 662 1313 751 qui,

248 762 406 815 convento
427 746 517 832 prius
532 744 705 813 Masinissa
727 770 812 898 efge,
829 749 1061 838 Karthaginem
1084 751 1206 814 ierant:
1232 762 1316 815 cete·

246 857 318 901 rum
332 833 447 898 certius
462 833 635 919 aliquanto,
651 856 724 921 quas
775 835 941 922 ambagine
963 850 1035 900 acta
1055 850 1168 915 essent,
1183 838 1225 901 ab
1239 858 1315 924 rega

186 928 190 933 '
245 921 424 993 rescierant,
456 941 552 1005 quam
582 920 624 983 ab
654 922 729 1006 ipsis
754 922 1085 1006 Karthaginiensibus.
1115 936 1316 1008 conspertum

246 1019 352 1072 tamen
373 1006 631 1081 adfirmaverunt,
647 1006 675 1070 le
699 1020 766 1071 atos
781 1011 822 1072 ab
838 1031 912 1096 rege
929 1009 1045 1073 Perseo
1066 1012 1197 1089 venisse,
1212 1011 1316 1095 iisque
1426 1058 1433 1071 .

244 1105 342 1161 noem
364 1106 507 1157 senatum
531 1093 564 1155 in
587 1092 657 1155 aede
675 1030 859 1179 iEsculapii
880 1097 990 1159 datum
1013 1117 1089 1159 esse.
1113 1094 1154 1160 ab
1176 1094 1313 1159 Kartha·

244 1181 319 1266 gine
334 1179 453 1266 legatos
467 1180 500 1243 in
517 1180 742 1244 Macedoniam
757 1180 879 1257 missos,
895 1195 928 1244 et
951 1203 1008 1244 rex
1031 1181 1264 1258 adfirmaverat,
1280 1192 1314 1244 et
1362 1214 1374 1236 ο

244 1267 305 1351 ipsi
320 1287 434 1349 purum
448 1280 632 1332 constanter
647 1279 851 1349 negaverant.
897 1268 934 1331 ln
947 1267 1171 1331 Macedoniam
1188 1286 1315 1353 quoque
1362 1312 1368 1322 ·

244 1352 416 1417 mittendos
440 1351 560 1435 legatos
585 1367 712 1417 senatus
737 1354 868 1417 censuit.
892 1368 954 1417 tres
975 1355 1062 1417 missi
1085 1368 1169 1428 sunt,
1187 1355 1223 1416 C.
1240 1354 1314 1417 Las·

243 1437 316 1515 lius,
346 1436 397 1503 M.
417 1438 562 1502 Valerius
581 1438 738 1517 Messalla,
761 1442 835 1505 Sex.
852 1439 1003 1525 Digitius.
1049 1442 1178 1504 Perseus
1201 1460 1259 1523 per
1281 1438 1314 1503 id

244 1536 382 1608 tempus,
397 1525 472 1608 quis
487 1525 617 1609 quidam
641 1525 808 1611 Dolopum
823 1547 890 1589 non
906 1528 1069 1611 parebant,
1086 1543 1126 1601 et,
1143 1526 1183 1588 de
1198 1525 1314 1611 quibus

245 1610 466 1698 ambigebatur
477 1610 851 1695 rebus,disceptationem
863 1613 904 1676 ab
915 1634 989 1699 rege
999 1615 1038 1675 ad
1051 1613 1212 1676 Romanos
1224 1632 1315 1674 revo-

244 1697 371 1779 cabant,
387 1716 462 1761 cum
483 1696 623 1760 exercitu
648 1696 817 1784 profectus,
834 1700 893 1762 sub
910 1701 963 1784 jus
981 1698 1203 1784 judiciumque
1223 1716 1315 1761 suum

84 1789 221 1837 Perseiiter
245 1795 344 1849 totam
358 1784 464 1871 coiigit
483 1795 622 1870 gentem.
669 1783 761 1861 Iade,
777 1807 835 1868 per
850 1786 975 1849 OEtaeos
996 1799 1120 1848 montes
1142 1798 1316 1871 transgres-

83 1853 198 1916 Delphos
246 1890 307 1945 sus,
323 1871 531 1957 religionibus
552 1867 744 1953 quibusdam
771 1870 879 1935 animo
901 1872 1041 1955 objectis,
1057 1869 1222 1933 oraculum
1247 1868 1315 1933 adi-

245 1967 336 2018 turus
357 1955 504 2039 Delphos
525 1954 696 2019 adscendit.
743 1956 855 2031 Qtsum
872 1958 905 2019 in
920 1955 1023 2019 media
1041 1978 1075 2019 re
1119 1971 1171 2018 nte
1187 1955 1316 2020 Graecia

245 2040 450 2126 adparuisset,
468 2063 621 2125 asagnum
642 2063 706 2104 nan
722 2042 865 2105 finitimis
887 2041 984 2104 modo
1005 2042 1076 2104 urbi
1104 2064 1139 2103 us
1160 2053 1316 2107 terrorem

243 2125 397 2212 praebuit,
412 2126 467 2189 sed
483 2128 515 2188 in
533 2126 643 2190 Asiam
682 2149 787 2213 uoque
801 2129 842 2191 ad
856 2150 963 2213 regem
980 2127 1157 2190 Eumenem
1179 2127 1316 2190 nuncius

245 2210 401 2276 tumultus
416 2211 486 2297 ejus
501 2213 597 2277 venit
643 2149 817 2289 litonum,
833 2235 898 2276 non
915 2213 996 2297 plus,
1014 2212 1150 2297 Delphis
1165 2221 1314 2289 moratus,

245 2316 304 2401 per
322 2298 576 2367 ”Phthiotidem
603 2300 769 2382 Achaiam,
800 2300 1071 2386 Thessaliamque,
1102 2299 1172 2362 sina
1200 2299 1317 2361 domno

244 2386 425 2472 injuriasque
446 2407 608 2472 agrorum,
632 2409 690 2471 per
711 2410 792 2474 quos
813 2386 874 2450 iter
894 2388 977 2463 fecit,
1000 2387 1033 2449 in
1057 2407 1192 2468 regnum
1212 2385 1316 2450 rediit.

246 2473 317 2538 Nec
341 2493 450 2538 esrum
480 2485 605 2538 tantum
627 2473 813 2549 civitatium,
838 2493 895 2556 per
914 2493 994 2558 quas
1017 2474 1119 2535 iturus
1138 2484 1216 2547 erat,
1244 2469 1319 2535 satis

244 2557 359 2623 habuit
369 2561 493 2621 animos
507 2560 569 2621 sibi
582 2559 773 2622 conciliare:
796 2560 881 2620 'aut¹
896 2561 1026 2644 legatos,
1039 2573 1094 2621 aut
1106 2556 1212 2621 literas
1223 2555 1318 2620 dimi·

244 2645 296 2717 sit,
312 2655 434 2724 patena
449 2664 486 2704 aa
500 2643 614 2705 diutius
628 2645 825 2717 simultatum,
842 2663 910 2726 qaae
923 2666 987 2706 cum
996 2654 1092 2727 patre
1104 2665 1158 2707 sao
1170 2642 1316 2724 fuissent,
1388 2672 1403 2683 -

245 2729 456 2791 meminissent.
479 2747 534 2787 aec
547 2727 627 2788 saise
642 2737 708 2788 tam
721 2738 838 2790 atroces
843 2724 945 2808 fuisse
959 2752 1020 2805 eus,
1036 2741 1070 2793 ut
1084 2749 1142 2792 aaa
1163 2749 1228 2791 eum
1250 2729 1317 2810 ipso

240 2814 410 2896 poaoeria,
441 2831 478 2874 uc
506 2811 674 2887 debuerint,
689 2813 796 2893 fiairi.
850 2816 953 2878 Secum
975 2818 1095 2900 quidem
1124 2817 1228 2878 omnic
1253 2815 1319 2879 iliis

243 2900 371 2983 integra
387 2917 448 2962 etse
459 2899 502 2960 ad
511 2897 732 2961 instituendam
732 2900 874 2982 fideliter
883 2903 1061 2965 amicitiam.
1086 2901 1169 2964 Cum
1184 2901 1318 2964 Achaeo·

247 3003 320 3048 rum
336 2986 475 3048 maxime
489 2994 585 3070 gente
599 2984 843 3048 reconcilianda
857 2987 971 3072 gratiae
985 2988 1067 3050 viam
1083 2987 1258 3073 quaerebat.

84 3088 233 3140 autom
290 3070 423 3138 XXlll.
448 3070 533 3134 Haec
558 3089 620 3133 una
644 3091 685 3135 ex
709 3072 798 3133 omni
823 3072 951 3136 Graecia
1012 3094 1060 3152 ns,
1081 3087 1113 3135 et
1141 3071 1316 3135 Athenien·

84 3149 329 3264 mmeufflstum
354 3158 473 3237 civitas,
488 3176 526 3220 eo
547 3169 746 3240 processerat
769 3159 895 3234 irarum,
911 3171 948 3222 ut
994 3160 1087 3222 nibus
1115 3159 1318 3222 interdiceret

81 3227 178 3327 iffi
249 3241 494 3309 Macedonibus.
540 3242 652 3327 ltaque
677 3244 811 3307 servitiis
839 3266 880 3308 ex
905 3244 1025 3309 Achaia
1051 3243 1245 3331 fugientibus
1270 3265 1321 3309 te·

246 3327 449 3416 captaculum
471 3326 666 3393 Macedonia
686 3343 772 3394 emt:
796 3330 880 3416 quia,
896 3353 995 3416 quum
1010 3329 1130 3395 finibus
1143 3331 1207 3394 suis
1222 3331 1321 3394 inter»

246 3411 411 3488 dixissent,
434 3415 554 3479 intrare
585 3418 674 3498 tegni
702 3420 854 3480 terminos
877 3417 937 3501 ipsi
965 3438 1030 3483 non
1061 3416 1228 3486 audebant.
1280 3417 1320 3481 ld

247 3521 347 3587 quum
366 3501 500 3566 Perseus
515 3502 802 3580 animadvertisset,
819 3502 1055 3587 comprehensis
1075 3503 1232 3580 omnibus,
1248 3502 1319 3567 lite·

247 3608 298 3651 ras
318 3591 388 3652 aas,
416 3602 567 3664 ceterum,
597 3609 637 3651 ne
665 3588 776 3652 similis
796 3588 873 3676 fuga
894 3611 1056 3653 servorum
1079 3601 1189 3673 postea
1217 3590 1318 3668 tieret,

246 3673 453 3760 cogitandum
479 3686 511 3737 et
535 3673 598 3738 illis
617 3697 693 3738 esse.
741 3675 892 3740 Recitatis
918 3675 967 3739 his
990 3675 1088 3739 literis
1109 3698 1168 3761 per
1190 3676 1318 3741 Xenar-

246 3757 345 3825 ehum
370 3774 552 3846 praetorem,
568 3762 624 3847 qui
653 3762 786 3845 privatae
810 3761 924 3850 gratias
949 3762 1073 3827 aditum
1099 3763 1186 3847 apud
1214 3783 1322 3850 regem

509 3907 606 3958 kunnu
617 3912 692 3957 Gran.
704 3910 774 3957 Cres.
871 3906 980 3957 lassat
990 3911 1065 3957 Gran.

277 4050 310 4097 98
327 4051 408 4099 Nonis
417 4051 501 4116 Jnntt]
520 4053 560 4100 Sic
577 4051 685 4113 reponat
702 4051 771 4111 Sigo-
837 4052 849 4099 1
867 4053 918 4100 Ast
928 4054 1023 4115 tegam,
1042 4058 1084 4099 ast
1101 4053 1204 4116 litteras]
1220 4050 1322 4115 Adjece-

243 4112 312 4166 nlus,
322 4127 401 4174 quum
412 4118 480 4179 ptius
488 4119 609 4179 legeretur
619 4115 690 4164 uota
724 4115 771 4161 ltr-
802 4123 841 4164 rat
852 4117 964 4178 Sigonius
975 4119 1006 4164 de
1016 4131 1062 4165 suo
1069 4118 1108 4164 sed
1117 4124 1175 4164 ante
1185 4119 1253 4178 prius
1260 4119 1322 4165 illud

160 4235 170 4246 ⁶
242 4176 339 4226 mltum
349 4178 410 4226 -lulii
421 4182 512 4229 mensa
523 4193 613 4229 nomen
623 4180 733 4227 nondum
744 4180 771 4225 in
802 4185 850 4228 aet.
884 4181 1007 4228 Videntur
1025 4184 1136 4242 pluscula
1151 4184 1240 4229 deese
1274 4181 1324 4227 De·

246 4251 294 4286 usu
305 4245 364 4285 erut.
800 4245 978 4293 amatorum
990 4246 1094 4293 mausz
1112 4246 1151 4293 secl
1166 4248 1228 4293 aras
1243 4257 1321 4291 amaea

281 4302 488 4353 sarmatam
502 4306 698 4373 Aeaaaalvta
716 4313 766 4355 noc
800 4308 1222 4372 sesemen-sogam...

249 4365 585 4419 osseuxxxntesa
