2942 4750
259 141 320 219 xvi
631 132 983 212 PRAEFATIO.

258 348 303 423 iis
331 347 397 446 qni
426 354 623 445 supersunt
651 345 753 419 libris
782 351 1044 430 memorentur,
1072 349 1203 417 noster
1225 346 1363 441 praei·
1431 354 1442 373 '

258 488 335 562 pne
359 463 525 560 quadam
542 471 580 536 et
604 460 860 546 admiratione,
878 469 917 533 et
931 459 1051 533 effusa
1075 458 1178 532 velut
1200 461 1367 550 carimte

259 579 479 677 complexus
511 602 593 651 esse
625 576 791 649 videtur:
827 576 931 648 unde
962 574 1086 647 minus
1104 573 1254 649 mirum
1287 587 1362 665 est,
1431 630 1435 639 ι

257 696 361 793 quod
388 696 468 787 ejus
485 691 601 765 amori
626 689 850 788 plusculum,
868 713 984 788 quam
1006 688 1183 763 concedit
1205 693 1363 782 veritus,
1402 694 1408 706 ”

257 808 410 905 largitus
435 807 493 879 sit.
546 804 633 879 Fuit
658 828 749 878 sane
777 804 905 901 Scipio
938 828 1015 880 non
1040 804 1164 879 solum
1192 806 1363 884 victoriis
1441 884 1445 891 ,

256 921 526 1019 triumphisque
550 921 685 1006 clarus,
703 922 771 995 sed
794 929 834 994 et
855 920 905 994 ob
925 921 1091 1017 egregins
1112 920 1225 995 enimi
1241 924 1360 999 virtu·
1409 1000 1418 1031 ,

256 1046 313 1109 tes
324 1036 441 1134 plane
458 1036 640 1123 amabilis,
659 1035 885 1122 comitatem,
903 1036 1206 1124 munificentiam,
1223 1040 1357 1115 mode·
1405 1070 1409 1079 ¹

256 1151 449 1225 rationem.
501 1152 604 1234 Quin
628 1160 666 1224 et
681 1151 809 1247 negari
833 1173 911 1224 non
933 1160 1057 1248 potest
1072 1170 1159 1225 enm
1183 1154 1355 1251 volupta-

255 1276 323 1354 tes,
342 1267 405 1340 ubi
420 1292 512 1341 usus
528 1266 739 1363 reipublicae
763 1266 980 1365 postularet,
997 1269 1186 1364 aspernari
1202 1271 1357 1348 solitum

255 1405 348 1469 esse,
376 1391 415 1456 et
435 1383 579 1455 frenare
605 1382 789 1468 libidines,
817 1407 865 1456 ne
889 1383 999 1457 rebus
1023 1385 1197 1480 gerendis
1226 1401 1357 1464 essfflt

254 1496 533 1594 impedimento.
591 1497 710 1591 Cujus
739 1497 852 1571 animi
880 1496 1025 1594 insigne
1052 1500 1242 1597 specimen
1273 1506 1353 1579 edi·

256 1611 323 1698 dit,
340 1637 456 1711 quum
474 1613 525 1711 ed
541 1632 627 1686 eum
643 1625 730 1710 post
754 1636 892 1687 noram
910 1613 1176 1711 Carthaginem
1200 1626 1353 1716 captam
1447 1690 1448 1717 p

257 1727 425 1800 adducta
445 1753 468 1800 a
487 1728 664 1802 militibus
689 1740 747 1802 est
771 1729 903 1802 adulte
927 1730 1042 1827 virgo,
1058 1730 1195 1805 eximin
1219 1736 1351 1823 forms,

254 1865 370 1937 quarn
402 1844 528 1916 stetim
560 1844 773 1941 parentibus
805 1854 844 1918 et
870 1868 1010 1942 sponso
1042 1848 1220 1923 reddidit
1273 1853 1351 1928 &d

254 1952 383 2028 Livius
412 1981 498 2028 eum
532 1958 661 2031 Stoice
692 1959 859 2055 quedam
893 1960 1123 2035 continentia
1152 1964 1351 2043 libidinum

252 2066 458 2140 mirabilem
499 2071 644 2144 efficere
676 2071 804 2160 voluit,
839 2098 887 2147 ne
919 2075 1004 2172 quis
1039 2077 1182 2153 scilicet
1221 2096 1356 2158 nmmo·
1447 2116 1448 2119 ¹

252 2180 439 2278 egregium
472 2207 609 2282 corpus
643 2187 878 2262 deformaret.
930 2189 1064 2288 Itaque
1094 2194 1160 2266 ubi
1191 2198 1270 2294 ugit
1301 2201 1353 2275 de
1447 2212 1448 2285 j

252 2293 317 2367 ille
341 2298 501 2396 captiva,
528 2301 636 2396 cujus
661 2304 777 2377 modo
803 2301 1028 2378 mentionem
1055 2306 1221 2400 fecimus,
1248 2336 1348 2413 qnos·

253 2411 342 2484 darn
375 2415 523 2502 omittit,
552 2420 728 2515 quaedam
763 2420 836 2494 alio
866 2421 1072 2518 detorquet,
1102 2449 1187 2521 quae
1220 2454 1244 2500 a
1272 2430 1350 2506 Po-
1447 2475 1448 2488 κ

251 2526 353 2622 lybie
376 2530 593 2629 simpliciter
619 2543 658 2607 et
681 2535 841 2631 ingenue
865 2544 1070 2610 memorata
1099 2539 1239 2616 docent
1269 2547 1348 2621 Sci-

251 2642 400 2738 pionem
426 2670 504 2718 non
532 2650 776 2723 contemsisse
800 2651 912 2746 plene
937 2650 1158 2749 voluptates,
1188 2661 1258 2732 sed
1283 2686 1347 2738 ess

160 2747 166 2756 ’
250 2757 351 2830 bono
368 2760 578 2854 reipublicae
594 2764 867 2858 posthabuisse.

298 2857 463 2946 Juvenes
489 2876 644 2970 quidam
672 2878 848 2966 Romani,
865 2881 986 2979 inquit
1010 2881 1192 2980 Polybius
1212 2890 1276 2965 lib.
1294 2894 1346 2970 X.

250 2983 429 3080 virginem
453 2988 574 3063 ostatis
594 2990 686 3066 flore
708 3002 747 3066 et
766 2985 893 3069 iormae
919 2997 1084 3073 bonitate
1108 3015 1347 3099 presterum
1447 2993 1448 3044 t

251 3099 303 3171 sd
319 3101 533 3200 Scipionem
550 3107 757 3196 adducunt,
774 3133 891 3206 quum
904 3112 1164 3192 observassent
1178 3145 1265 3196 eum
1281 3149 1347 3200 cn·

249 3215 381 3310 pidum
405 3243 488 3294 esse
516 3221 760 3320 voluptatmn,
788 3243 934 3328 smptus
947 3242 1023 3306 tna.
1049 3232 1122 3307 hoc
1151 3240 1348 3335 supprimit

250 3331 403 3404 omnino
420 3333 560 3409 livius.
613 3338 835 3435 Respondet
850 3343 922 3416 illis
933 3345 1131 3437 juvenibus
1149 3348 1252 3448 epird
1272 3356 1347 3431 Po·

248 3443 390 3537 lybiuru
417 3448 543 3544 Scipio
570 3475 621 3538 se,
645 3452 676 3525 si
702 3455 868 3551 privatim
895 3459 1041 3548 viveret,
1069 3464 1215 3541 nullum
1241 3470 1345 3546 eliud
1447 3453 1448 3470 ἵ

248 3557 388 3652 petius
410 3562 580 3659 accipere
604 3570 771 3664 potuisse
788 3595 945 3663 munus3
970 3576 1260 3678 nullumquam
1276 3587 1344 3660 im
1408 3571 1436 3594 '⁵

247 3681 396 3768 perator
419 3690 529 3765 esset,
552 3680 674 3757 minus
699 3697 856 3782 grem
909 3690 1024 3773 Quod
1049 3719 1281 3792 reqromum,
1302 3702 1345 3777 li·

247 3797 308 3860 cet
332 3811 458 3885 perse
483 3793 585 3869 haud
611 3799 823 3892 obscurum,
840 3805 1005 3903 explicet
1029 3812 1191 3907 apertius
1216 3822 1353 3893 umen.

247 3900 452 3999 Polybius:
478 3921 526 3996 et,
546 3912 637 3985 dum
654 3916 830 4012 explieat,
847 3921 939 3998 sotis
955 3931 1113 4000 testutm
1128 3951 1169 4001 se
1184 3930 1346 4028 ipsum

247 4016 435 4114 Scipionis
461 4025 574 4098 verbe
600 4028 779 4104 attulisse.
831 4032 921 4110 Hoc
949 4038 1123 4115 nimirum
1150 4045 1266 4134 dicto,
1287 4049 1345 4124 in-

246 4130 336 4223 quo,
367 4132 543 4212 mussat
577 4142 714 4239 Scipio,
742 4148 929 4241 ejusmodi
958 4177 1017 4230 res
1043 4181 1112 4255 per
1137 4161 1273 4257 quietis
1305 4178 1346 4242 et
