2942 4750
280 232 321 293 7ss
662 223 772 285 Tm
801 222 937 283 mvn
1042 230 1046 239 '

123 419 152 466 ιι.
164 416 190 463 c.
203 415 258 464 sat.
285 388 456 477 principes,
471 386 508 452 id
521 384 606 472 quod
615 385 768 450 'maxime
788 398 915 472 gratum
935 395 1006 450 erat
1021 384 1187 467 Romanis,
1209 406 1269 449 suo
1283 383 1353 470 qui·

124 485 154 528 Α·
166 482 193 529 G
206 480 260 529 1⁷1·
286 500 349 563 que
362 475 494 560 proprio
509 473 634 536 decreto
658 470 766 534 Persei
786 473 967 537 societatem
989 470 1182 555 atlsperuati,
1200 469 1355 536 Romanis

287 580 321 627 se
334 557 570 648 adjungebant:
592 556 744 621 ismenias
757 570 885 643 gentem
905 558 1093 622 Boeotorum
1116 558 1150 620 in
1171 557 1268 621 fidem
1289 555 1354 621 Ro·

286 667 455 714 manorum
481 643 621 726 permitti
650 664 778 729 oequum
801 642 957 708 censebat.
980 644 1056 706 inde
1076 644 1249 707 certamine
1269 650 1353 716 orto,

286 736 347 800 nisi
366 732 400 794 ln
416 728 553 792 tribunal
568 728 747 814 legatorum
768 728 965 816 perfugisset,
980 728 1069 793 haud
1084 729 1220 793 multum
1243 725 1354 800 abluit,

288 820 364 903 quin
380 815 421 878 ab
436 814 597 879 exsulibus
611 814 850 900 fautoribusque
864 837 975 879 eorum
997 815 1239 879 interficeretur.
1269 810 1356 875 The-

288 905 339 967 be
353 922 480 985 quoque
493 901 581 984 ipsse,
598 902 686 987 quod
700 903 835 965 Boeotioe
850 912 947 985 caput
961 914 1018 981 est,
1033 901 1067 962 in
1082 923 1200 984 magno
1216 896 1356 965 tumultu

288 1000 388 1063 erant,
406 986 474 1049 aliis
488 988 531 1050 ad
553 1010 660 1067 regern
683 989 880 1050 trahentibus
895 987 1066 1064 civitatem,
1081 987 1150 1051 aliis
1172 988 1212 1050 ad
1237 985 1356 1048 Roma·

288 1094 355 1138 nos.
386 1086 417 1136 et
446 1071 539 1135 turba
562 1074 816 1136 Coronaeorum¹
847 1073 1141 1157 Haliartiorumque
1166 1076 1357 1135 convenerat

289 1159 337 1223 sd'
352 1157 583 1222 defendendum
606 1158 767 1222 decretum
794 1159 889 1244 regioe
911 1158 1076 1222 societatis.
1106 1158 1160 1221 sed
1183 1154 1360 1221 constantin

288 1242 479 1329 principum,
497 1243 678 1308 docentium
694 1243 837 1307 cladibus
855 1244 995 1328 Philippi
1012 1244 1236 1329 Antiochique,
1257 1261 1358 1326 quau-

290 1346 323 1395 ta
338 1343 417 1393 esset
432 1332 478 1393 vis
499 1343 532 1395 et
551 1330 681 1395 fortuna
701 1329 826 1413 imperii
850 1330 998 1405 Romani,
1014 1329 1098 1393 victa
1119 1331 1229 1393 eadem
1252 1325 1359 1390 multi-

290 1416 370 1480 tudo
395 1427 437 1492 et,
461 1428 498 1479 ut
527 1417 691 1480 tolleretur
712 1417 799 1502 regia
821 1415 962 1490 societas,
986 1415 1135 1490 decrevit,
1159 1427 1190 1477 et
1216 1436 1282 1493 eos,
1305 1411 1360 1496 qui

290 1513 433 1565 auctores
461 1502 659 1584 paciscendae
689 1502 838 1566 amicitias
873 1500 1009 1579 fuerant,
1039 1501 1078 1565 ad
1106 1498 1360 1564 satisfaciendum

290 1587 403 1674 legatis
433 1586 619 1650 Chalcidem
645 1588 742 1667 misit,
771 1589 908 1671 fideique
936 1587 1113 1673 legatorum
1143 1581 1361 1649 commendari

195 1706 199 1713 a
291 1674 448 1737 civitatem
466 1672 573 1755 jussit.
618 1671 792 1735 Thebanos
815 1673 958 1737 Marcius
977 1684 1010 1736 et
1033 1673 1150 1736 Atilius
1166 1671 1228 1735 laeti
1252 1669 1362 1733 audie·

291 1771 378 1835 runt,
394 1762 414 1793 ⁴⁴
425 1770 631 1840 auctoresque
646 1769 678 1820 et
692 1756 742 1819 his
764 1759 933 1840 separatim
956 1758 1088 1840 singulis
1109 1757 1238 1821 fuerunt
1256 1755 1299 1819 ad
1314 1776 1363 1819 re,-

291 1844 472 1909 novandam
496 1842 666 1907 amicitiam
693 1843 839 1906 mittendi
864 1844 999 1906 Romam
1018 1842 1146 1928 legatos
1191 1842 1278 1905 Ante
1294 1861 1363 1903 om·

293 1931 349 1991 nia
369 1930 497 1993 exsules
519 1928 641 1992 restitui
656 1927 828 2011 jusserunt,
850 1944 882 1990 et
897 1931 1069 1990 “auctores
1091 1928 1188 2011 regioe
1207 1925 1365 1991 societatis

292 2012 422 2076 decreto
443 2036 502 2076 suo
522 2013 725 2077 damnarunt.
769 2013 830 2087 lta,
855 2012 940 2097 quod
962 2012 1103 2075 maxime
1124 2011 1284 2088 volebant,
1300 2011 1365 2075 dis·

133 2116 269 2167 Βωοιιωιιι
293 2116 386 2160 casso
403 2097 549 2160 Boeotico
570 2097 715 2173 concilio,
732 2096 987 2181 Peloponnesum
1009 2096 1266 2179 proficiscuntur,
1292 2098 1364 2162 Ser.

132 2180 264 2258 macutum
296 2182 449 2247 Cornelio
464 2182 647 2247 Chalcidem
663 2183 825 2247 arcessito.
871 2183 967 2268 Argis
982 2181 1154 2265 praebitum
1173 2182 1272 2243 estiis
1287 2194 1366 2245 c'on·

135 2706 220 2766 Legati

268 2274 275 2289 ’
294 2270 425 2333 cilium:
450 2269 503 2332 ubi
519 2269 599 2332 nihil
621 2268 710 2332 aliud
731 2292 752 2331 a
765 2281 859 2354 gente
876 2272 1067 2331 Achaeorum
1081 2268 1251 2351 petierunt,
1267 2286 1365 2350 quant

295 2369 332 2421 ut
346 2355 435 2421 milla
448 2354 565 2420 milites
579 2355 702 2420 darent.
733 2354 765 2418 id
788 2354 972 2439 praesidium
995 2354 1036 2418 ad
1060 2351 1248 2418 Chalcidem
1272 2366 1365 2418 tuen·

293 2440 379 2520 dam,
395 2444 471 2507 dum
489 2444 652 2506 Romanus
665 2441 824 2516 exercitus
838 2443 871 2503 in
888 2441 1048 2504 Graeciam
1063 2440 1271 2525 trajiceretur,
1289 2439 1365 2502 mis-

293 2552 365 2592 surn
379 2541 438 2593 est.
483 2529 626 2593 Marcius
640 2540 671 2592 et
686 2528 815 2598 Atilius,
831 2526 975 2609 peractis,
991 2547 1064 2610 qurc
1078 2526 1202 2612 agenda
1216 2527 1248 2588 in
1270 2525 1364 2590 Grae·

293 2615 346 2676 cia
359 2625 460 2687 erant,
476 2614 635 2693 principio
650 2612 762 2671 hiemis
782 2612 921 2672 Romam
936 2611 1106 2673 redierunt.
1429 2663 1436 2684 ,

310 2717 316 2728 ·
340 2696 445 2759 XLV.
470 2693 551 2756 Inde
573 2693 690 2777 legatio
711 2693 771 2754 suh
794 2694 876 2755 idern
900 2706 1025 2775 ternpus
1052 2695 1085 2757 in
1113 2697 1221 2759 Asiam
1244 2694 1366 2758 circum

136 2771 207 2818 ΒΜ·
218 2770 245 2814 1¹¹
256 2767 415 2844 A'insulas
428 2779 534 2840 missa.
558 2788 621 2839 tres
635 2786 727 2838 erant
742 2776 848 2860 legati,
865 2777 918 2840 Ti.
935 2778 1100 2860 Claudius,
1116 2781 1155 2844 P.
1172 2780 1368 2857 Postumius,

137 2831 289 2880 &insulas-

299 2864 349 2931 M.
371 2863 498 2926 lunius.
521 2862 542 2924 ii
565 2862 797 2936 circumeuntes
820 2863 1029 2928 hortabantur
1051 2867 1152 2930 socios
1174 2866 1213 2929 ad
1234 2864 1367 2948 suscipi·

294 2949 417 3016 endam
432 2947 581 3011 adversus
596 2947 709 3010 Persea
723 2969 783 3030 pm
802 2947 956 3011 Romanis
978 2948 1118 3014 bellum:
1141 2965 1182 3027 et,
1199 2972 1263 3035 quo
1278 2971 1367 3034 quae·

295 3058 362 3123 que
375 3034 558 3120 opulentior
570 3032 682 3098 civitas
699 3046 777 3110 erat,
793 3055 832 3096 eo
853 3032 1034 3099 adcuratius
1055 3037 1201 3122 agebant,
1217 3034 1293 3135 quia
1308 3035 1368 3100 mi·

295 3145 393 3190 nores
408 3131 564 3182 secutura
580 3118 736 3203 majorum
757 3120 976 3184 auctoritatem
992 3135 1092 3186 erant
1126 3122 1247 3185 Rhodii
1263 3121 1367 3186 maxi-

297 3209 345 3271 mi
360 3206 400 3270 ad
415 3203 523 3267 omnia
536 3204 690 3268 momenti
705 3203 915 3281 habebantur,
931 3208 1006 3289 quia
1027 3229 1092 3271 non
1110 3207 1215 3271 favero
1229 3219 1366 3283 tantum,

296 3291 356 3357 sed
380 3290 530 3378 adjuvare
547 3291 643 3353 etiarn
665 3289 785 3353 viribus
807 3292 870 3354 suis
899 3291 1016 3356 bellum
1042 3305 1197 3375 poterant,
1229 3293 1368 3379 quadras
1427 3293 1455 3380 ‚¹

299 3379 389 3481 ginta
404 3373 536 3439 navibus
549 3388 681 3439 auctore
695 3379 716 3410 ⁴⁶
729 3376 949 3461 Hegesilocho
963 3378 1162 3463 comparatis.
1184 3380 1250 3464 qui,
1265 3398 1366 3463 quum

298 3485 335 3530 ιιι
357 3483 483 3526 summo
507 3463 693 3545 magistratu
715 3474 808 3538 esset,
834 3462 1003 3547 (Prytanin
1027 3464 1087 3547 ipsi
1108 3466 1236 3544 vocant)
1261 3463 1369 3528 multis

300 3547 475 3613 rationibus
486 3548 661 3635 pervicerat
676 3547 830 3625 Rhodios,
844 3561 888 3626 ut,
905 3549 1030 3625 omissa,
1043 3571 1137 3638 quarn
1154 3571 1238 3634 saepe
1253 3569 1368 3613 vanam

701 3691 711 3723 ⁸
723 3687 880 3735 Cornutorum
890 3685 959 3733 Creu.

334 3811 368 3859 u
382 3810 537 3870 Auctoresque
552 3816 576 3858 ct
585 3811 622 3857 aa
632 3814 757 3872 separatim
770 3814 820 3858 atn-
851 3814 929 3860 multo
940 3821 995 3875 post
1010 3823 1114 3862 mortem
1132 3816 1177 3861 ribi
1193 3816 1370 3862 conadvemnt.

297 3875 378 3995 ffel
396 3876 470 3922 Recte
480 3876 626 3929 Gronovius,
637 3879 819 3951 aumooesqrrcuct
851 3876 931 3922 Testis
942 3885 979 3923 est
991 3878 1104 3955 Polybius
1115 3880 1213 3954 ibidem.

358 3952 446 4000 nempe
458 3939 588 3990 Thebanis,
600 3942 622 3984 at
636 3943 761 3996 separutsm
771 3953 818 3983 sm·
882 3940 914 3986 46
930 3941 1093 4003 Ilrgerdoclar]
1112 3944 1159 3989 Hac
1175 3945 1233 3988 olrm
1245 3943 1371 4002 legebam

297 4005 365 4062 gath
376 4005 476 4052 amorra
482 4001 628 4048 civitatibus.
662 4001 691 4045 ld
702 4008 726 4045 et
738 4009 821 4059 postu·
852 4003 970 4062 Ilrgcrilc.
990 4007 1063 4066 Apud
1073 4007 1156 4066 Polyb.
1166 4021 1223 4052 vero
1232 4006 1317 4065 Legat.
1329 4005 1368 4052 64.

296 4065 338 4112 dat
348 4081 441 4121 semus,
452 4075 477 4115 at
488 4067 569 4112 firmat
580 4064 672 4124 Polybii
680 4065 819 4119 auctoritas,
852 4070 983 4114 vocamur
993 4070 1032 4116 hic
1043 4070 1108 4116 idern
1119 4070 1270 4116 Rhodiorum
1282 4069 1371 4129 magis·

300 4127 441 4188 dagans,
852 4132 1069 4196 tratusrseihoxq.
1093 4133 1194 4179 Fulvius
1202 4134 1371 4180 Ursinunlte·

335 4190 368 4235 ts
383 4192 495 4240 Aeetam
512 4192 584 4252 regloe
604 4190 716 4236 numm
734 4191 821 4237 decreto
852 4206 907 4238 rum
917 4199 1033 4246 exutaro
1043 4198 1156 4249 soerexit,
1173 4205 1201 4244 ut
1218 4198 1257 4244 hic
1273 4197 1372 4242 babere·

304 4263 345 4296 mo
359 4251 510 4316 dmmams]
531 4256 649 4302 lammina
664 4268 722 4302 cam
734 4254 821 4302 Nicea
852 4257 1371 4324 tuaHegataataspsut’oryatum‘ttmt·

304 4313 411 4376 quodam
437 4316 464 4364 ln
489 4331 609 4369 carcerem
633 4314 745 4382 conjecti,
772 4333 820 4366 non
853 4328 931 4386 aegre.
