2942 4750
393 464 450 564 T.
497 461 726 564 LIVII
775 457 1206 564 PATAVINI

616 691 822 784 munst
848 687 986 782 va.
1115 663 1123 671 ’

703 915 898 960 -Φ-

110 1103 174 1150 U-C·
186 1100 241 1149 ⁵84·
271 1077 516 1160 VlcTORIAE
527 1090 650 1169 nuncii,
676 1092 718 1168 Q.
740 1089 856 1154 Fabius
870 1102 902 1152 et
917 1085 955 1152 L.
973 1085 1128 1154 Lentulus
1142 1102 1175 1154 et
1190 1089 1231 1164 Q.
1254 1087 1328 1154 Mc-

108 1168 175 1276 ss‘c‘
188 1166 240 1275 2⁶⁸*
269 1178 370 1256 tellus,
395 1192 513 1264 quanta
537 1178 642 1262 potuit
666 1175 808 1240 adbiberi
832 1173 997 1251 festinatio,
1021 1173 1164 1239 celeriter
1189 1175 1327 1239 Romam

107 1242 224 1338 ,ἓξὲξ
268 1285 366 1350 quum
381 1263 547 1341 venissent,
563 1284 683 1349 praecer
707 1273 772 1325 tam
794 1271 898 1323 tamen
921 1260 988 1342 ejus'
1009 1260 1054 1323 rei
1077 1258 1219 1324 laetitium
1240 1260 1331 1325 inve-

108 1356 220 1431 maesto
267 1362 392 1414 nerunt.
437 1348 561 1426 Quarto
582 1283 738 1432 postilio,
760 1366 856 1431 quam
877 1366 949 1408 cum
972 1366 1047 1431 rege
1065 1356 1112 1409 est
1138 1358 1326 1432 pugnatum,

106 1432 167 1466 ¹¹¹⁰*
267 1458 367 1524 quum
389 1436 422 1499 in
447 1439 532 1499 circo
557 1432 625 1498 ludi
650 1431 772 1508 fierent,
800 1449 944 1494 murmur
968 1451 1003 1493 rc
1026 1444 1098 1493 ente
1122 1429 1234 1515 populi
1259 1442 1327 1494 tots

267 1519 445 1606 spectacula
468 1521 622 1604 pervasit3
647 1527 822 1616 pugnatum
847 1519 880 1578 in
904 1452 1101 1592 Macedonia,
1128 1527 1158 1579 et
1182 1517 1327 1580 devictum

267 1629 363 1690 regem
393 1629 464 1670 esse.
508 1603 592 1666 Dein
621 1597 765 1666 fremrtns
793 1597 986 1664 increbruit:
1046 1612 1183 1664 ostremo
1207 1599 1330 1664 clamor

266 1689 467 1842 qqaususque,
484 1687 569 1750 velut
583 1699 670 1752 certo
685 1687 802 1750 nuncio
823 1685 964 1750 victorie
984 1622 1101 1763 adlato,
1122 1698 1169 1749 est
1186 1696 1328 1749 exortus.

310 1777 384 1842 irari
398 1775 607 1860 magistratus,
623 1782 655 1835 et
669 1790 812 1857 quaerere
826 1782 986 1834 auctorem
1002 1771 1175 1854 repentinae
1189 1771 1328 1835 laetitioe:

267 1861 323 1948 qui
336 1874 504 1947 postquam
523 1858 629 1922 nulius
643 1870 720 1933 erat,
738 1857 880 1920 ¹evnuuit
900 1855 1027 1941 quidem
1048 1867 1112 1920 tum
1136 1878 1209 1920 uem
1224 1858 1328 1920 incer·

267 1959 309 2010 toe
337 1948 384 2010 rei
417 1943 585 2032 gaudium3
622 1963 715 2006 omen
745 1954 851 2005 tamen
880 1940 988 2004 laerum
1017 1878 1174 2005 insidebat
1202 1942 1326 2006 animis.

268 2030 366 2106 Quod
387 2043 555 2114 postquam
580 2029 660 2092 veris
678 2026 803 2090 nunciis
827 2025 917 2090 Fabii
937 2025 1128 2112 Lentulique
1148 2046 1181 2090 et
1202 2025 1327 2091 Metelli

267 2115 405 2179 adventu
420 2115 577 2178 firmatum
593 2125 650 2191 est,
667 2134 767 2199 quum
787 2110 921 2176 victoris
934 2109 1012 2195 ipss,
1027 2123 1095 2176 tum
1109 2113 1244 2200 augurio
1259 2112 1329 2181 ani·

266 2220 393 2264 morum
416 2222 556 2276 suornm,
587 2198 787 2264 laetabantur.
830 2197 874 2261 Et
898 2197 989 2261 aliter
1017 2193 1152 2260 traditur
1181 2198 1329 2262 circensia

268 2284 371 2350 turboe
387 2307 450 2354 nou
467 2287 572 2349 minus
585 2284 695 2350 similis
710 2285 775 2348 veri
789 2277 910 2348 laetitia.
954 2282 1057 2346 'Ante
1071 2281 1154 2346 diem
1170 2282 1329 2346 decimum

268 2371 428 2438 Kalendas
443 2370 612 2450 Octobres,
631 2367 782 2436 ludorum
806 2365 1023 2434 Romanorum
1046 2363 1185 2432 secundo
1206 2368 1258 2432 die
1287 2367 1328 2433 C.

265 2459 390 2524 Licinio
408 2457 541 2535 consuli,
563 2458 605 2522 ud
626 2454 796 2545 quadrigas
817 2453 985 2521 mittendas
999 2450 1203 2529 ³escendenti‚
1227 2414 1329 2518 tabel-

265 2542 372 2620 lsrius,
389 2546 444 2643 qui
459 2567 492 2627 se
507 2566 545 2607 ex
569 2538 762 2607 Macedonis
781 2542 888 2607 venire
909 2540 1037 2615 diceret,
1055 2540 1072 2577 *
1088 2539 1243 2603 laureatus
1257 2538 1329 2605 lite·

266 2648 318 2693 ηε
335 2629 476 2691 ,diciturz
507 2627 669 2711 quadrigis
693 2626 805 2701 missis,
835 2620 946 2688 consul
970 2645 1097 2691 currum
1125 2622 1326 2689 conscendit:
1393 2674 1404 2699 .

266 2723 308 2788 st,
324 2731 423 2794 quum
437 2731 495 2790 per
509 2709 628 2772 circum
649 2709 850 2773 reveheretur
864 2707 922 2771 ⁴nd
935 2704 1020 2774 foros
1034 2708 1187 2795 publicos,
1203 2704 1327 2774 laurea·

266 2807 313 2859 tes
340 2792 471 2857 tabellas
497 2791 617 2876 populo
640 2793 788 2859 ostendit.
832 2792 959 2869 Quibus
983 2792 1167 2879 conspectis,
1195 2807 1327 2881 repente

264 2879 422 2943 inmemor
435 2877 604 2962 spectaculi
626 2876 765 2962 populus
787 2878 820 2941 in
843 2875 981 2945 medium
1003 2875 1152 2945 decurrit.
1174 2903 1213 2945 eo
1234 2902 1327 2945 sene·

265 2978 334 3029 tum
369 2963 479 3029 consul
507 2964 640 3040 vocavit,
675 2963 873 3049 recitatisque
906 2963 1038 3043 tabellis,
1067 2984 1109 3029 ex
1136 2966 1327 3031 auctoritate

265 3048 398 3114 Petrum
419 3071 480 3134 pro
500 3046 577 3110 foris
597 3047 733 3133 publicis
756 3048 956 3113 denunciavit
976 3049 1116 3135 populo:
1152 3050 1195 3116 L.
1217 3048 1324 3116 AEmi-

263 3136 334 3201 lium
348 3138 495 3219 collegam
507 3134 603 3216 signis
615 3136 741 3199 cartlotr's
754 3156 822 3201 cum
835 3157 904 3219 roge
919 3137 1032 3203 Perseo
1040 3157 1205 3219 pargnasso
1247 3137 1328 3201 Ma·

263 3224 403 3285 tedonem
432 3221 592 3282 sancitum
620 3238 725 3283 comm
742 3221 916 3305 firmosque.
978 3221 1095 3306 Regem·
1121 3243 1185 3285 cans
1217 3221 1328 3303 poscis
1412 3256 1424 3280 .

249 3305 389 3388 fugisse.
403 3306 543 3369 civitates
552 3322 651 3371 omnm
665 3304 859 3370 Macedonia
868 3308 901 3369 in
910 3305 1054 3369 ditionem
1086 3318 1089 3323 ·
1150 3307 1174 3370 li
1186 3307 1328 3375 Romani

263 3390 387 3454 mm
432 3389 496 3453 His
524 3388 651 3471 cuditis,
676 3390 796 3456 clamor
823 3412 897 3457 cum
925 3389 1047 3476 ingenti
1074 3413 1188 3476 pausu
1215 3403 1326 3459 ortuss

296 3550 481 3598 lemme..
499 3556 607 3612 unquam
629 3553 721 3599 lacertu
742 3554 777 3598 rel
810 3552 948 3611 &nemun
969 3550 1056 3611 viginti
1076 3560 1102 3599 tt
1123 3564 1210 3601 nocem
1229 3555 1328 3607 Μ

259 3611 386 3676 gavatum]
409 3613 448 3660 Sta
464 3620 528 3661 reete
546 3615 665 3675 Sigonius.
697 3615 777 3662 Vetus
808 3621 860 3661 erat
870 3628 901 3661 ex
911 3615 1060 3663 ordinatione
1071 3617 1170 3672 Numan,
1179 3631 1253 3678 quarn
1264 3625 1325 3666 tunc

262 3676 338 3724 codex
349 3676 433 3721 habuit
444 3681 552 3735 tunquam
561 3683 634 3724 αντα.
808 3679 969 3739 sequebantur
979 3678 1090 3728 Romani.

254 3776 259 3793 ,
294 3740 310 3789 2
326 3739 389 3786 Ante
398 3738 459 3785 dtem
468 3739 580 3785 doetntsm
590 3741 645 3786 Kal.
659 3740 775 3804 Octobres]
839 3742 856 3788 3
871 3741 1018 3804 smmis]
1036 3745 1065 3791 In
1076 3757 1184 3797 currum,
1196 3751 1224 3790 ut
1234 3750 1325 3806 nempe*

263 3805 318 3852 Imo
331 3802 443 3849 &dmum
458 3802 571 3861 mutant
604 3804 630 3850 Is
648 3806 714 3850 enim
729 3812 777 3851 ter·
808 3805 1325 3864 eforispubllcimbisedebsmdcsrceres

262 3869 312 3915 tius
329 3867 438 3913 decimus
454 3866 505 3912 dies
523 3872 575 3911 erat
593 3868 624 3912 sb
642 3880 671 3913 so
687 3880 735 3925 quo
751 3868 777 3913 tn
808 3868 862 3924 iret,
874 3874 946 3928 utque
961 3869 1018 3915 inde
1033 3871 1130 3930 signum
1142 3872 1265 3932 quadrigis
1280 3874 1325 3920 dc·

263 3930 407 3978 Macedonia
416 3934 551 3989 pagnanum
561 3937 607 3984 est,
618 3937 646 3976 ut
660 3931 723 3975 infru
734 3932 778 3976 ob-
807 3938 853 3978 ret.
884 3932 997 3977 Ceterum
1013 3934 1113 3980 unicum
1128 3936 1251 3994 exemplar
1261 3949 1326 3996 μα·

262 4002 378 4041 terretur.
404 3996 437 4040 At
447 3994 523 4052 pridie
534 3992 617 4038 Nonas
625 3992 777 4053 Septembres
807 3994 899 4041 feremt
915 3994 1064 4052 camaenas,
1083 3997 1148 4043 unde
1165 4010 1270 4056 pronum
1285 4006 1324 4046 est

262 4066 398 4118 psrgnnnun
409 4058 502 4104 meret:
520 4060 610 4116 (supru,
621 4058 639 4103 1.
647 4056 743 4102 XLIV.
754 4071 775 4103 c.
808 4059 900 4104 efficere
917 4058 1050 4116 escendenti,
1065 4062 1131 4121 quod
1148 4061 1240 4120 pluunt
1258 4062 1323 4110 Tur·

261 4118 312 4176 37.)
338 4120 435 4167 Tertius
456 4121 564 4168 decimus
584 4127 666 4167 sutem
688 4121 739 4165 dies
761 4134 776 4166 s
806 4123 868 4168 nebo
878 4129 902 4168 et
913 4122 1040 4169 Gronoviu-

261 4180 337 4242 pridie
348 4182 432 4230 Nonus
446 4185 596 4243 Septembres
611 4191 663 4230 emt
678 4191 738 4229 tune
753 4197 774 4229 a.
837 4183 1093 4251 sAdsarospattuos]
1110 4187 1167 4237 Vid.
1179 4188 1276 4238 nontl-
1286 4189 1320 4237 cd

262 4244 286 4291 d·
301 4242 360 4290 XV.
378 4245 430 4293 Kal.
446 4247 568 4295 Octobres.
601 4249 693 4297 Mensis
708 4248 789 4296 enim.
805 4248 1018 4301 sxmxasr.
