2942 4750
490 168 834 246 PRAEFATIO.
1059 180 1062 183 ‘
1087 166 1210 244 ixxxr

11 466 13 493 ἒ
33 362 46 382 ⁰
72 330 87 360 ⁶
120 387 346 478 uuusatque
361 378 463 453 idem
479 379 586 455 locus
601 381 659 455 his
685 381 935 456 subobscurus
961 379 1155 468 videbitur,
1173 390 1212 454 et
1228 328 1231 339 Ι

11 566 13 577 ,
120 522 199 572 non
223 496 418 594 indiguum
436 497 594 572 uindice
623 497 758 571 habere
781 497 939 582 nodum,
967 494 1040 569 illis
1071 495 1210 593 perspi-

120 640 226 702 cuus,
244 614 336 689 etin
351 637 427 712 quo
452 613 674 690 illustrando
700 638 852 712 operam
876 636 1014 710 ponere
1039 635 1211 708 superva-

11 712 12 807 ἶ
69 716 77 736 ’
121 755 282 805 caneum
297 729 356 804 sit.
408 729 510 812 Quin
533 740 571 803 et
586 730 687 804 idem
704 756 804 828 saepe
819 730 937 803 lector
953 727 1108 802 diversis
1120 737 1229 799 tem-1

11 862 12 889 ι
121 846 285 945 poribus,
302 855 413 945 prout
428 846 500 920 bac
526 846 586 919 vel
610 845 676 918 illa
700 846 927 941 cogitatione
950 853 1212 942 praeoccupata

41 1039 55 1065 ‚
120 964 377 1037 mensadrem
387 961 659 1059 inspiciendam
673 960 886 1047 accesserit,
894 970 1015 1057 prout,
1027 960 1118 1034 dum
1128 984 1213 1033 eam

121 1077 282 1176 inspicit,
296 1078 339 1177 in
355 1078 453 1152 hanc
469 1077 618 1151 illamve
633 1088 777 1175 partem
797 1075 997 1172 conjecerit
1015 1076 1157 1161 oculos,
1174 1076 1214 1148 in

120 1195 256 1270 iisdem
270 1194 391 1268 verbis
408 1196 523 1267 modo
539 1193 692 1268 herebit
708 1219 860 1290 anceps,
874 1193 989 1266 modo
1001 1191 1126 1266 facilia
1134 1214 1213 1264 om·
1242 1235 1244 1238 -

122 1309 239 1384 niaet
262 1310 440 1407 expedita
463 1311 629 1408 reperiet.
681 1310 811 1406 Igitur,
836 1334 885 1383 ne
911 1310 1063 1384 omnino
1088 1321 1215 1384 tamen

122 1425 254 1500 incerti
269 1425 547 1512 fluctuaremus,
555 1412 610 1499 ‘eo
628 1426 902 1498 decurrendum
913 1424 1005 1511 :fuit
1023 1436 1066 1498 ut
1089 1426 1216 1499 omnia

123 1551 162 1616 et
178 1540 260 1616 sola
275 1540 361 1615 loca
375 1541 478 1614 brevi
499 1539 799 1638 interpretatione
823 1540 1105 1638 explicaremus,
1131 1566 1215 1636 quae

123 1667 190 1732 aut
220 1656 330 1730 nobis
361 1655 452 1753 ipsis
485 1656 626 1753 aliquid
659 1656 840 1730 molestiae
869 1657 1122 1740 exhibuerant,
1152 1662 1217 1727 aut

124 1771 352 1855 doctissimis
368 1771 441 1845 illis
458 1771 556 1859 viris,
574 1771 709 1871 quibus
734 1796 805 1845 nos
831 1771 989 1845 ducibus
1005 1783 1042 1845 et
1059 1769 1216 1844 monito

122 1888 224 1962 ribus
249 1887 306 1962 usi
331 1913 471 1975 sumus,
487 1887 711 1962 ridebantur
725 1887 893 1961 nonnihil
909 1888 1045 1960 habere
1062 1885 1219 1960 difficul-

123 2004 224 2092 tatis,
258 2013 323 2078 aut
352 2002 549 2103 denique
538 2028 578 2077 m
602 2003 738 2101 quibus
766 2003 863 2101 lapsi
891 2004 1037 2077 fueraut
1062 2002 1219 2097 alicujus
1308 2062 1312 2071 .

103 2119 284 2193 ‘nominis
315 2120 543 2216 interpretes.
596 2118 685 2192 Hoc
715 2114 824 2193 nobis
850 2120 1075 2193 tutissimum
1099 2118 1220 2192 visum

124 2245 203 2310 est:
229 2234 360 2333 quod
350 2244 404 2307 ιιι
428 2233 601 2331 probabit
625 2258 755 2330 aequus
780 2233 856 2306 lect
840 2240 909 2319 tor,
936 2233 968 2306 si
994 2231 1220 2327 cogitaverit,

124 2349 188 2424 vix
205 2348 312 2423 aliter
328 2345 469 2446 aliquid
487 2345 577 2421 certi
591 2346 704 2420 statui
725 2347 903 2446 potuisse,
921 2348 1025 2446 quod
1052 2370 1222 2445 sequere·

124 2490 228 2555 mur3
266 2473 441 2537 nectam
471 2463 628 2537 consilio
658 2488 742 2550 nos,
776 2488 890 2561 quam
924 2464 1145 2539 necessitate
1171 2462 1222 2537 ad
1285 2533 1291 2540 .

124 2582 224 2655 banc
234 2580 444 2654 ineundam
461 2579 642 2653 rationem
660 2579 841 2678 impulsos
858 2580 981 2654 fuisse.

178 2697 293 2780 Quod
311 2705 456 2793 spectat
472 2695 522 2768 ad
544 2720 667 2792 rerum
684 2721 707 2769 a
724 2695 832 2770 Livio
856 2706 1098 2772 tractatarum
1122 2698 1291 2774 musmo
1301 2723 1363 2781 1
1417 2697 1419 2700 ’

128 2813 337 2901 trationem,
355 2812 427 2887 hoc
453 2812 553 2887 enim
577 2812 725 2887 tertium
751 2823 809 2887 est
832 2814 871 2887 in
896 2839 973 2913 quo
998 2815 1134 2890 versari
1160 2789 1380 2901 daim?

126 2929 240 3003 beat
230 2928 439 3026 interpretis
455 2929 650 3017 industria,
667 2955 732 3004 eas
748 2929 787 3003 in
812 2931 978 3032 quinque
997 2957 1132 3029 genera
1149 2933 1284 3008 dis-'¹¹¹³'
1233 2985 1341 3035 eurum

122 3043 239 3129 tribui
255 3067 368 3140 posse
384 3044 583 3118 credimus
614 3055 660 3118 1’.
636 3045 904 3119 historiam
895 3071 1025 3143 rpsam,
1044 3057 1082 3122 et
1102 3049 1273 3160 rerum}ui
1275 3062 1337 3108 ’ΥΘ
1341 3123 1387 3158 es

126 3168 319 3257 gestarum
334 3158 597 3233 narrationem
629 3166 677 3232 Υ.
694 3159 808 3256 leges,
827 3161 928 3247 ritus,
943 3161 1061 3257 magis
1062 3170 1225 3236 tratuum
1245 3119 1340 3175 mm

11 3263 12 3296 ¹
125 3276 223 3369 jura,
241 3284 280 3348 et
302 3275 375 3348 alia
399 3273 627 3369 hujusmodi
661 3282 709 3347 3⁰.
727 3276 907 3372 pondera,
934 3300 1137 3367 mensuras,
1163 3305 1226 3378 pe

111 3390 293 3464 cuniam.
319 3399 367 3465 4⁰.
386 3390 659 3488 Geographica.
693 3397 741 3464 5⁰.
760 3390 1046 3490 chronologica.
1095 3393 1158 3469 De
1169 3396 1227 3470 his

11 3537 12 3544 ¹
131 3505 305 3580 omnibus
322 3506 386 3603 qui
402 3508 482 3581 fuse
499 3508 690 3604 disputare
705 3506 745 3580 in
767 3507 866 3584 notis
891 3509 1012 3596 vellet,
1038 3509 1073 3585 ei
1096 3510 1136 3586 in
1159 3511 1226 3585 im·

11 3621 12 3664 ³
126 3645 301 3697 mensum
326 3633 507 3696 cresceret
531 3623 648 3709 labor,
674 3632 713 3696 et
737 3623 862 3697 multis
887 3627 1054 3722 partibus
1080 3626 1227 3700 Livium

11 3731 17 3786 ’ἵ
129 3745 396 3834 exsuperatura
412 3738 511 3812 mole
536 3737 727 3811 volumina
753 3740 988 3814 conficienda
1011 3750 1146 3826 esseut,
1172 3741 1226 3812 in·

11 3857 16 3905 ⁵
127 3879 205 3952 que
230 3852 401 3926 immanis
427 3853 684 3928 commentarii
709 3864 815 3928 vasto
841 3856 984 3953 gurgite
1009 3865 1228 3952 apparerent

11 3979 18 4024 ἓ
129 3968 365 4054 urinantes,
382 3977 421 4041 et
435 3968 499 4041 vix
515 3969 554 4042 in
579 3969 734 4043 summis
752 3970 907 4066 paginis,
926 3980 1105 4069 tanquam
1121 3971 1227 4045 tabu·
1258 4011 1262 4018 ·

11 4081 21 4141 i
129 4083 389 4182 lisbae‘rentes
410 4082 528 4181 ipsius
550 4084 739 4182 scriptoris
755 4110 905 4159 versus:
930 4084 1158 4160 laboriosum
1173 4085 1227 4161 in·
1281 4085 1320 4140 -’

11 4183 23 4258 i
131 4200 283 4298 terpreti
300 4224 407 4300 opus,
425 4199 660 4277 fastidiosum
685 4200 829 4289 lectori,
854 4202 958 4298 quod
982 4199 1097 4278 nimia
1119 4201 1228 4280 inter-

11 4331 17 4380 ¹
655 4324 719 4392 1³3
