2942 4750
388 218 481 280 ΜΒ.
501 217 613 284 xulv.
648 219 747 280 CAP,
766 217 915 279 XXVIII.
1123 225 1179 284 Iti

25 405 38 458 r
136 381 251 469 uirique
275 381 412 450 millium
438 384 579 472 equiturn
606 404 704 468 opera
726 394 852 447 tantum
876 381 923 444 uti
947 402 1072 467 regem:
1100 399 1322 450 con-untes

107 403 251 620 {effere
265 469 502 536 multitudinem
525 469 629 535 aliam.
675 469 774 546 Quod
790 468 846 532 ubi
867 467 1017 531 audivere
1038 465 1322 549 barbari,e⁰·1⁶⁸·

180 577 289 620 rorum
319 555 448 641 quidem
472 556 613 620 fremitus
641 556 711 632 fuit,
739 554 974 641 indignantium
1001 576 1034 616 se
1062 552 1178 622 frustra

112 641 233 705 excitos
256 641 382 706 sedibus
404 642 490 705 suisa
526 642 699 707 Clondicus
723 665 827 706 rursus
855 641 1040 725 iuterrogat,
1064 639 1178 727 ecquid

110 724 186 809 ipsis
200 730 341 813 quinque
355 728 504 804 millibus,
518 731 602 812 quod
614 730 822 803 convenisset,
836 723 1042 789 numeraret?
1065 723 1176 803 Quum

106 812 260 876 adversus
278 816 308 876 id
324 836 452 899 quoque
467 814 588 878 misceri
612 816 761 899 ambages
783 825 934 888 cerneret,
949 811 1102 878 inviolato
1117 813 1176 877 fal-

107 897 169 962 laci
194 902 322 972 nuncio,
345 900 444 986 (quod
479 900 534 964 vix
562 911 744 984 speraverat
773 903 840 984 ipse
864 921 955 983 posse
976 899 1175 984 contingere)

108 997 196 1048 retro
210 987 250 1048 ad
269 986 396 1063 Istrum,
410 986 610 1071 perpopulati
626 985 810 1062 Thraciam,
825 1007 888 1071 qua
902 984 1006 1048 vicina
1020 997 1089 1048 erat
1104 983 1174 1063 rias,

22 1091 26 1100 ·
107 1069 280 1136 redierunt
325 1071 409 1148 Quae
426 1095 546 1149 manus,
563 1074 671 1155 quieto
694 1073 821 1138 sedente
843 1093 918 1155 rege
939 1070 980 1134 ad
1003 1070 1174 1155 Enipeum,

106 1157 256 1220 adversus
275 1157 434 1222 Romanos
449 1161 470 1191 ⁴⁸
480 1158 674 1224 Perrhaebiae
695 1162 810 1224 saltum
833 1162 866 1221 in
889 1155 1089 1222 Thessaliam
1111 1169 1175 1240 tra,-

108 1241 215 1315 ducta,
234 1265 297 1306 non
313 1267 405 1330 agros
420 1256 542 1309 tanturn
561 1245 680 1311 nudare
695 1244 880 1330 populando
902 1244 1016 1326 potuit,
1033 1265 1074 1306 ne
1117 1265 1175 1307 uos

107 1327 182 1392 inde
199 1329 337 1394 Romani
352 1346 546 1395 commeatus
561 1342 793 1415 exspectarent,
809 1329 864 1394 sed
886 1330 969 1411 ipsas
990 1264 1175 1393 exscindere

111 1414 215 1489 urbes,
239 1426 366 1480 terrente
387 1417 426 1480 ad
449 1417 612 1500 Enipeum
640 1417 758 1482 Perseo
781 1415 954 1490 Romanos,
973 1435 1014 1478 ne
1041 1413 1175 1480 urbibus

19 1541 20 1566 r
108 1499 203 1564 sociis
218 1500 366 1584 opitulari
383 1516 520 1584 possent
564 1504 643 1586 ipsis
666 1524 794 1588 quoque
817 1500 971 1566 Romania
985 1501 1025 1563 de
1039 1523 1072 1563 se
1087 1502 1174 1602 cogi·

19 1587 20 1650 ἰ
108 1584 244 1649 tandum
268 1586 394 1651 fuisset:
424 1587 555 1673 quando
575 1610 677 1673 neque
701 1608 838 1666 manere,
860 1589 973 1652 amissa
999 1586 1173 1663 Thessalia,

19 1669 20 1742 s
108 1672 193 1738 uude
215 1674 370 1737 exercitus
394 1675 547 1749 alebatur,
570 1676 755 1757 potuissent,
778 1696 879 1758 neque
898 1673 1058 1759 progredi,
1075 1694 1174 1756 quum

19 1787 20 1850 p
106 1777 150 1820 ex
170 1756 305 1822 adverso
329 1772 431 1824 castra
463 1759 677 1824 Macedonum
701 1765 785 1823 W.
815 1761 929 1844 quiea
956 1756 1176 1841 pependerant

19 1859 20 1904 i
107 1863 175 1925 spe,
191 1843 277 1908 haud
293 1845 493 1912 mediocriter
506 1845 691 1910 debilitavit.
712 1881 716 1886 ·
734 1842 856 1909 Eadem
872 1843 1005 1908 avaritia
1019 1839 1173 1906 Gentium
1183 1864 1298 1912 nanuum
1309 1864 1334 1909 rn

107 1948 216 2026 regern
240 1930 300 2000 sihi
322 1932 478 1996 alienavit
508 1953 593 2009 nnm,
617 1955 714 2018 quum
730 1933 904 1996 ⁴⁹trecente
927 1931 1046 1993 talenta
1076 1927 1174 1994 Pelloe
1182 1928 1292 2009 murem

19 2017 20 2058 l
108 2015 209 2080 massis
233 2039 253 2079 a
269 2017 386 2081 Gentio
401 2031 606 2095 numerasset,
622 2023 748 2106 signare
770 2041 822 2082 eos
842 2017 1011 2101 pecuniam
1035 1994 1282 2099 passus'stnp‘*Ilm

108 2098 190 2166 bh
210 2103 316 2166 decem
339 2107 457 2168 talento
471 2106 541 2169 ⁶⁰ad
557 2103 778 2170 Pantauchum
799 2105 904 2180 missa,
920 2125 1019 2189 eaque
1033 2123 1174 2187 praesen·

104 2184 151 2249 tia
172 2186 245 2252 dari
264 2190 332 2275 regi
349 2191 460 2274 jussitt
488 2190 641 2275 reliquam
664 2191 843 2273 pecuniam,
866 2190 1022 2276 signatam
1047 2188 1174 2273 Illyrio-

103 2291 180 2336 rum
213 2273 219 2287 '
246 2293 298 2349 no,
315 2274 515 2356 portantibus
530 2276 593 2337 suis
607 2276 764 2358 praecipit,
780 2276 886 2356 parvis
901 2273 1066 2337 itineribus
1079 2273 1174 2337 vehe-

104 2367 193 2419 rent.
239 2357 299 2434 ein,
316 2380 414 2440 quum
437 2359 479 2423 ad
500 2359 597 2422 finem
618 2358 822 2422 Macedoniae
842 2370 973 2419 ventum
994 2368 1086 2433 esset,
1100 2355 1175 2420 suh-

105 2441 378 2517 nuenarianae
398 2442 530 2504 nuncios
552 2442 593 2507 ab
614 2464 648 2504 ae
668 2441 900 2523 opperirentur.
946 2440 1092 2515 Gentius,
1109 2442 1177 2502 exi-

18 2574 19 2579 κ
100 2590 104 2595 .
154 2548 175 2589 a
197 2538 288 2609 parte
309 2527 454 2610 pecunioe
477 2538 615 2608 accepta,
639 2546 740 2611 mum
761 2522 901 2588 assidue⁸
924 2523 1112 2589 Pantaucho
1136 2525 1178 2590 ad

118 2614 306 2679 acessendos
326 2612 434 2676 hostili
450 2611 533 2676 Iacto
549 2612 717 2677 &manos
731 2608 957 2686 stimularetur,
975 2609 1023 2674 M.
1041 2609 1177 2696 Perper·

49 2720 57 2738 ·
105 2718 183 2762 nam
198 2709 230 2763 et
244 2701 281 2762 L.
295 2698 457 2763 Petillium
470 2701 601 2785 legatos,
617 2699 672 2783 qui
688 2710 756 2761 turn
772 2696 853 2760 forte
867 2695 907 2760 ad
923 2718 995 2761 eum
1011 2711 1174 2775 venerant,

106 2783 141 2847 in
163 2785 339 2849 custodiam
366 2784 510 2871 conjecit.
556 2785 630 2849 Hoc
659 2783 779 2860 audito,
807 2782 953 2863 Perseus,
983 2784 1175 2849 contraxisse

104 2890 178 2934 eum
194 2874 390 2935 necessitates
412 2884 499 2936 ratus
522 2870 563 2935 ad
586 2870 704 2935 bellum
727 2872 837 2955 utique
855 2891 926 2933 cum
951 2869 1115 2947 Romanis,
1131 2870 1174 2935 ad

105 2956 331 3033 revocandum,
355 2958 441 3043 ‘'qui
470 2957 638 3042 pecuniam
660 2956 945 3042 portabat„misit:
979 2954 1067 3019 velut
1092 2955 1173 3019 nihil

106 3040 194 3105 aliud
216 3065 322 3128 agens,
354 3064 450 3127 quam
479 3054 525 3121 ut,
548 3054 666 3129 quanta
696 3044 836 3111 maxima
856 3050 973 3125 posset,
995 3041 1106 3122 praeda
1133 3062 1174 3104 ex

104 3127 191 3191 sicto
207 3128 363 3193 Romanis
374 3141 596 3192 reservaretur.
641 3128 686 3192 Et
702 3128 743 3191 ab
759 3127 904 3191 Eumene
922 3125 1065 3209 Eropon,
1080 3125 1173 3213 igno·

104 3214 156 3288 tis,
171 3235 244 3298 quae
265 3213 390 3279 occulte
411 3225 482 3278 acta
503 3227 602 3289 erant,
620 3213 711 3278 redit.
755 3213 809 3278 De
831 3214 962 3296 captivis
983 3222 1089 3275 actum
1102 3234 1173 3276 esse

23 3302 27 3320 '
51 3300 57 3318 '
105 3300 211 3384 stipsi
228 3302 460 3387 evulgaverunt,
477 3313 508 3364 et
526 3299 683 3364 Eumenes
704 3299 877 3377 consulem,
894 3297 1051 3362 vitandoe‘
1066 3298 1170 3384 suspi-

18 3374 204 3448 stolonis
218 3407 339 3463 caussa,
355 3388 520 3451 certiorem
536 3385 617 3449 fecit.

149 3470 319 3537 XXVIII.
344 3473 581 3557 Perseus,'post
605 3469 742 3535 reditum
762 3470 803 3534 ab
828 3470 972 3534 Eumene
997 3469 1331 3556 Eropontiscnsmrer.

231 3592 307 3638 redu
318 3595 435 3639 cstGrorr.
501 3592 680 3639 ⁸InseGron.
693 3590 763 3638 Crev.
827 3588 1039 3637 ‘mireadoeGren
1179 3569 1220 3603 ‘a'

137 3708 170 3756 48
190 3709 330 3757 Pmiroebr'oe
347 3710 432 3756 saltam
449 3743 456 3759 .
474 3742 505 3757 ..
529 3709 622 3756 traduc·
653 3722 711 3756 cum
722 3708 935 3762 Gronovio‚ma'elt.
969 3708 1100 3770 initaque
1108 3725 1169 3771 pm·

104 3770 142 3835 te]
158 3774 277 3820 Gruterus
293 3776 422 3834 legendum
438 3777 562 3821 extstimat
578 3787 623 3833 per
654 3774 753 3827 cedunt,
766 3774 857 3833 vulgati
866 3786 931 3818 nunc
942 3774 1032 3820 hubent
1037 3777 1167 3835 pannosi,

104 3834 253 3884 Pmnaeue.
281 3839 560 3885 Sednihilmutandum.
584 3837 622 3883 Sic
654 3838 696 3882 aed
713 3838 796 3883 invitia
811 3838 931 3884 veteribus
946 3838 1101 3890 aditiombus,
1113 3848 1169 3893 qnae

102 3900 165 3948 uxrt
182 3902 267 3951 LIriua
288 3902 392 3957 odacro
411 3903 552 3949 Perroaeuae
575 3901 621 3948 soi·
651 3901 742 3947 babent
758 3904 927 3949 tantummodo
940 3914 1032 3962 porum
1053 3906 1114 3946 teate
1129 3910 1169 3943 aa·
1259 3956 1267 3973 ἢ

102 3967 400 4026 &anthimi-cdii.
436 3966 621 4026 rtemmcopras
652 3966 708 4011 dem
720 3966 848 4012 GronovIo.
1242 3996 1247 4003 ψ

102 4031 200 4091 trsjoetc
246 4031 347 4091 Regitur
376 4042 463 4088 nempe
490 4043 578 4075 nomen
606 4043 622 4073 a
685 4029 714 4075 sl
734 4028 781 4085 Qus
798 4031 921 4089 pecualem
944 4023 1062 4086 portabat]
1090 4022 1169 4070 Corri-

99 4096 271 4155 peponum
281 4109 337 4156 qrrae
348 4096 421 4142 verbo
431 4091 546 4156 adjuncta
557 4100 600 4139 est·
650 4100 713 4153 gunt
720 4091 836 4155 Dujatius
847 4100 871 4139 et
879 4093 933 4138 dae,
946 4088 1082 4136 Gronovius
1087 4092 1169 4146 pann.

134 4158 167 4205 4⁰
190 4158 301 4206 Trecenta
329 4158 424 4220 talenta]
454 4159 550 4205 Marcus
582 4171 619 4204 ιτ·
650 4157 849 4217 ὸωιέ,ρτομει·εα
864 4156 929 4214 quod
943 4150 1057 4212 praecedit
1071 4154 1168 4209 perterr-

101 4223 169 4282 μῦ
180 4229 300 4269 nostrates
315 4224 402 4271 telas
429 4222 521 4268 Decem-
555 4222 621 4268 Mar·
652 4223 713 4267 tibae
733 4224 790 4268 sse.
835 4220 881 4265 Sed
904 4217 943 4263 hIc
965 4220 1044 4274 potest
1066 4215 1169 4279 intelligi

102 4286 342 4337 wastanensi„
652 4283 849 4342 duxeorurnqui
860 4282 988 4340 munium
999 4282 1135 4339 portabant.

134 4349 168 4397 30
190 4350 231 4398 Ar
252 4350 415 4399 eumenem
436 4350 518 4412 musa]
555 4349 620 4411 Lege
