2942 4750
224 142 292 209 'exa
573 149 603 207 r.
630 132 702 208 ra.
731 144 989 207 onouovrr

226 300 398 397 alloquitur
416 306 620 397 Montjoium,
634 320 666 374 et
681 310 837 376 Gelenius
861 306 1067 374 Franciscum
1086 296 1263 390 Delpharn,
1279 304 1324 371 ab

228 394 386 461 Rhenano
409 396 442 460 ln
466 395 660 460 consortium
682 396 778 480 hujus
801 395 974 479 provincia
994 412 1028 457 se
1053 389 1139 454 ultro
1164 390 1324 456 adscitum

227 494 369 547 testatus.
412 482 548 547 Decimo
562 480 644 544 libro
659 482 834 567 subjectum
855 478 941 566 qnod
964 479 997 541 ia
1019 476 1144 561 scriptis
1158 477 1324 541 nonnullis

226 566 378 632 habetur:
403 568 605 632 Nicomochus
618 568 737 633 Deeler
756 567 791 630 V.
809 566 845 630 0.
858 566 1017 629 emendavi
1030 565 1074 625 ad
1087 565 1250 645 exemplum
1258 580 1326 646 ps-
1449 560 1453 577 ’

226 656 323 723 realis
336 656 397 717 mei
413 654 622 717 donatiani.
657 652 852 716 Victorianus
879 650 912 712 V.
929 651 964 714 C.
980 648 1176 712 emendabant
1190 650 1327 713 Domnit
1416 683 1423 701 ι

227 739 421 899 &ramaclus
465 738 536 800 Hos
551 737 676 821 excepit
691 736 880 811 Glareanus,
896 756 961 821 quo
976 734 1053 810 dixi,
1070 733 1208 815 primum
1224 752 1323 798 anno.

262 821 318 889 uid
339 835 444 886 eutem
466 821 507 886 de
521 822 571 885 his
591 823 725 885 senserit
748 822 786 886 P.
802 821 975 898 Victorius,
990 818 1098 904 prodit
1117 819 1157 882 ad
1173 830 1325 904 quartum

230 907 476 973 Rhetoricorum
492 908 532 970 ad
545 906 759 985 Herennium,
773 907 928 970 scribens:
953 905 1103 970 Germani
1112 914 1215 967 autem
1224 922 1327 987 napa

1412 252 1450 317 b

227 1012 294 1057 earn
307 995 400 1057 uma
416 996 622 1070 restituerant,
639 996 694 1077 qui
710 993 749 1057 T.
764 994 857 1057 Livii
869 990 973 1067 libros,
983 1012 1055 1074 quos
1068 993 1212 1072 temporis
1225 1000 1326 1054 oenu-
1426 1002 1430 1017 ⁸

226 1090 276 1144 tos
290 1089 320 1143 et
335 1079 484 1142 hominurn
496 1079 616 1143 incuria
631 1100 689 1141 non
705 1078 881 1160 aburmpsit,
896 1098 1009 1142 worma
1030 1097 1104 1138 aaa
1119 1085 1149 1139 et
1163 1076 1328 1159 diligentia

226 1166 398 1228 emmdatm
426 1165 593 1227 ediderunt.
638 1163 738 1226 Anno
763 1182 883 1226 unsre.
930 1160 1131 1226 Sebastianus
1157 1160 1325 1245 Gryphius

225 1244 337 1312 charta
356 1252 419 1312 iaie
501 1248 512 1271 '
535 1276 558 1309 o
578 1260 610 1312 et
629 1249 754 1312 minuto
774 1246 955 1311 charactere
974 1246 1096 1330 primns
1117 1246 1251 1309 amtavit
1265 1245 1325 1309 Li·

225 1335 322 1409 rium,
339 1272 650 1433 praepmmsmi
665 1344 790 1397 tantum
812 1332 850 1397 ad
875 1331 1070 1416 Mmtjoium
1085 1330 1229 1414 epistola,
1240 1330 1325 1394 nihss

225 1418 295 1504 lpse
308 1417 488 1504 pollicitus:
513 1416 778 1503 deprehendimus
793 1432 896 1483 tamen
920 1416 1067 1503 quadam
1083 1437 1222 1480 novasse.
1267 1415 1324 1480 In·

227 1517 376 1592 sequente
401 1503 653 1569 assuendus
679 1503 843 1568 Secundus
867 1504 968 1567 Curio
993 1502 1207 1587 Herrugianae
1230 1501 1325 1565 auxi-

226 1588 306 1654 lium
327 1591 489 1674 preastitit,
504 1601 535 1653 et
556 1611 650 1673 snper
668 1589 811 1666 istorum,
834 1588 1000 1672 Valloeque
1022 1585 1199 1663 Laurentii,
1214 1598 1246 1650 et
1265 1587 1325 1651 Sa·

225 1674 332 1740 bellici
348 1675 458 1740 Coceii
475 1675 590 1739 mixtas
605 1675 900 1750 animadversiones,
916 1690 982 1737 sese
996 1672 1201 1736 adducentes
1215 1692 1325 1736 emen·

226 1761 318 1824 desse
333 1761 418 1825 locos
433 1773 465 1825 et
503 1761 612 1824 ristino
634 1760 730 1823 nitori
753 1761 926 1823 restituisse
947 1771 1090 1822 testatur.
1135 1756 1326 1843 Eodemque

226 1844 307 1929 ipso'
323 1845 441 1910 Paulus
513 1846 639 1909 anutius
668 1859 828 1913 auctorem
856 1856 998 1907 nostrum
1024 1842 1065 1907 ab
1089 1841 1164 1906 Car.
1189 1843 1325 1930 Sigania

226 1950 353 1993 omnem
375 1931 458 1992 serio
479 1932 676 2011 castigatum,
692 1952 766 1993 cum
789 1930 928 2015 ejusdem
950 1928 1159 2013 locupletibus
1183 1927 1323 2006 scholiis,

225 2015 319 2078 etiam
335 2014 369 2076 in
385 2012 550 2098 Epitomas
565 2014 753 2078 amissorum
772 2014 936 2091 librorum,
956 2036 1033 2098 quas
1054 2014 1175 2098 priores
1192 2013 1324 2102 negiu·

226 2102 372 2177 erant'et
387 2097 644 2164 noraChronolo
667 2100 707 2179 'a‚
718 2100 901 2186 publicavit
929 2099 1321 2185 Quoplausuexceptam,

226 2185 312 2255 dicat
337 2186 413 2250 nde.
438 2184 610 2249 Turnebus
680 2187 705 2250 l.
733 2186 1016 2251 Adversariorum:
1040 2185 1207 2249 Erroribus
1232 2187 1326 2251 Livii

227 2274 444 2336 exhauriendis
458 2272 754 2357 bonnmfidelernqae
765 2275 891 2337 monuit
906 2293 1026 2355 operum
1041 2273 1090 2335 oir
1105 2273 1327 2337 muniamus

229 2359 358 2423 Carolus
377 2359 540 2444 Sigonius:
562 2380 645 2442 wear
660 2380 715 2443 ego
728 2368 757 2422 et
779 2359 971 2442 animitate
979 2358 1210 2439 peritissimum,
1227 2365 1258 2421 et
1272 2358 1325 2421 ho-

227 2466 332 2510 norum
346 2447 528 2527 scriptorum
542 2444 856 2528 intelligentissimis,
873 2453 903 2506 et
915 2443 1144 2507 emditissimrnn
1165 2445 1327 2507 nominare

227 2531 422 2594 meritissimo
431 2551 574 2611 porum:
596 2531 684 2603 ut,si
705 2532 780 2613 qaia
800 2531 945 2612 reliquam
967 2530 1008 2592 sit
1030 2531 1063 2591 in
1077 2529 1186 2605 Liuia,
1193 2531 1326 2611 perexi-

224 2637 320 2699 guum
338 2615 439 2679 videri
460 2615 576 2692 debeat,
591 2616 625 2676 in
645 2635 703 2698 quo
725 2617 786 2678 leui
793 2635 955 2697 paruaque
968 2635 1061 2696 opera
1080 2614 1139 2677 alii
1152 2613 1333 2699 defingan-

226 2710 287 2762 tur.
334 2698 462 2763 Scholia
491 2699 633 2783 sequenti
667 2720 753 2762 anno
786 2712 817 2762 et
851 2698 1098 2784 Clrronologiem
1133 2698 1325 2783 octuplicata

227 2782 344 2859 chame,
360 2796 448 2845 torno
463 2783 615 2868 singulari
629 2783 718 2847 dedit
733 2783 878 2848 habenda
890 2783 1025 2847 Besileae
1041 2783 1114 2848 Nic.
1125 2782 1325 2869 Episcopius.

229 2865 349 2931 Paulus
375 2866 520 2949 repetivit
545 2889 632 2929 suam
659 2889 744 2946 anno
767 2889 916 2931 ranam:
949 2870 1067 2954 inqua
1091 2869 1163 2954 pius
1185 2869 1327 2937 detraxit

228 2950 355 3016 scholiis
370 2972 464 3037 quem
478 2949 601 3016 addidit
618 2952 786 3040 Sigonius:
809 2976 846 3017 ea
870 2976 909 3017 ne
923 2955 968 3017 sic
987 2966 1166 3034 retractata,
1181 2956 1327 3042 interpo-

229 3039 305 3116 sitis,
322 3060 394 3124 qure
410 3054 464 3102 aut
478 3038 689 3123 objectarerat
706 2976 919 3118 Roborteiius,
937 3053 991 3104 eut
1012 3063 1141 3105 suorum
1156 3063 1328 3107 excusave-

230 3138 278 3189 rat
308 3122 497 3200 Glareanus,
523 3125 556 3188 in
588 3124 885 3190 Francofurtensem
915 3146 1137 3192 unnxxxrru.
1163 3127 1328 3194 transtulit

232 3211 285 3278 Fi.
299 3210 440 3276 Modius.
485 3208 626 3278 Tertiam
640 3234 712 3276 cum
724 3213 798 3277 solis
810 3213 990 3298 Sigoninnis
999 3212 1211 3297 suppeditavit
1219 3212 1327 3279 Aldus

228 3315 329 3379 nepos
343 3315 486 3360 unxcu:
510 3296 561 3361 cui
581 3319 738 3361 accessere
760 3299 834 3362 Car.
852 3298 973 3382 Sigonii
990 3298 1196 3363 Lirianorum
1207 3297 1327 3363 scholi-

160 3382 168 3396 ‘
229 3401 323 3444 orum
349 3382 471 3467 aliquot
495 3380 690 3447 defensiones
716 3382 865 3448 adversus
886 3382 1081 3448 Glareanurn
1102 3399 1134 3449 et
1154 3383 1327 3450 Robonel-

228 3466 307 3532 lum.
351 3466 425 3530 Jani
441 3466 571 3529 Gruteri
586 3467 687 3532 tribus
701 3489 818 3533 nomen
833 3481 880 3534 est
893 3468 1084 3534 editionibus
1092 3469 1225 3535 volentis
1238 3492 1328 3557 prae·

230 3552 369 3638 positura
393 3549 604 3629 Francofurti,
628 3553 677 3617 bis
698 3556 860 3639 octuplici‚
882 3555 955 3619 dein
979 3555 1099 3641 duplici
1122 3555 1251 3634 charta3
1273 3557 1328 3621 in·

229 3637 412 3726 dignissime
425 3649 603 3723 postremae,
616 3661 688 3726 quoe
702 3663 761 3727 per
774 3641 947 3706 absentiam
959 3643 1095 3707 auctoris
1106 3657 1137 3707 et
1148 3663 1328 3725 excessum,

230 3728 294 3816 (cui
309 3724 420 3809 primis
440 3723 635 3809 praefationis
660 3727 763 3791 verbis
787 3727 955 3791 mirificum
982 3750 1074 3792 orneu
1100 3727 1244 3810 dederat)
1266 3726 1329 3814 per

230 3832 400 3895 operarum
415 3811 569 3874 incuriam
584 3823 615 3874 et
631 3813 817 3877 correctoris
832 3813 1059 3897 impudentiam
1078 3813 1200 3877 mendis
1214 3825 1325 3879 scatet.

230 3900 330 3962 Anno
344 3915 472 3959 rancun.
511 3895 698 3980 Bamhergae
727 3897 871 3962 Hectore
894 3899 1046 3962 Cotzario
1066 3899 1242 3983 imperialis
1259 3899 1327 3964 Ec·

230 3980 334 4046 clesiae
349 3979 483 4044 Decano
497 3979 721 4052 bibliothecam
737 3983 896 4066 publicam
911 3999 1155 4071 recognoscente
1169 4006 1207 4049 ac
1221 3996 1327 4049 trans·
1445 4027 1446 4030 =

228 4063 359 4142 ferente,
381 4065 432 4130 Jo.
450 4066 593 4131 Horrion
619 4069 775 4132 societatis
799 4069 875 4133 Jesu
901 4073 1054 4147 sacerdos,
1079 4069 1157 4133 dum
1182 4069 1329 4219 singulius

229 4148 354 4212 codices
368 4150 498 4227 excutit,
515 4152 546 4214 iu
558 4152 758 4219 membranas
775 4154 896 4232 incidit,
909 4175 981 4240 quea
995 4155 1174 4240 complures
1185 4155 1227 4219 Τ.
1272 4157 1329 4220 rii

230 4227 338 4308 libros,
355 4232 389 4295 in
406 4233 456 4298 his
476 4249 599 4321 purtem
620 4239 760 4324 priorem
774 4260 896 4305 xxxur.
912 4238 1017 4306 adhuc
1037 4240 1328 4306 desiderataru‘ser·
