2942 4750
482 173 576 235 uin.
595 173 679 234 XLI.
712 173 810 233 CAP.
830 173 873 232 ΙΙ.
1189 179 1208 231 3

137 335 251 400 cobors
268 335 456 402 Placentina
469 338 614 422 obposita
629 328 810 405 intermare
824 348 856 400 et
869 346 989 401 costra:
1014 347 1055 412 et,
1071 348 1107 400 ιιι
1120 337 1204 402 idern
1215 355 1244 402 u.
1256 355 1282 401 c.
1295 353 1351 403 tra
1427 357 1432 367 ·

141 422 343 507 aquatoribus
369 423 410 487 ud
432 424 568 487 fluvium
590 437 670 488 esset
690 422 888 508 praesidium,
905 421 955 485 Μ.
972 420 1126 486 AEbutius
1149 420 1281 487 usust
1295 420 1360 477 ¹⁷⁸1

140 507 242 571 bunus
263 509 400 573 militum
423 510 571 574 secundae
591 508 737 593 legionis
758 510 838 572 dnos
869 508 1047 591 manipnlos
1068 508 1206 573 militurn

138 594 275 678 adjicere
292 595 400 678 jussus
421 606 477 659 est.
523 596 565 659 T.
589 607 621 658 et
642 597 682 659 C.
706 595 784 658 AElii
805 595 926 659 tribuni
947 593 1083 657 militum
1107 594 1206 677 legio·

138 700 210 743 nem
233 681 371 756 tertiam,
388 703 460 767 quoe
482 680 685 765 pabulatores
713 692 746 745 ct
774 680 946 767 lignatores
967 689 1120 757 tueretur,
1145 681 1206 759 via,

138 786 210 849 qnae
234 766 416 851 Aquileiam
438 766 509 843 fert,
532 767 704 831 duxerant.
753 767 808 830 Ab
830 766 939 829 eadem
971 767 1100 850 regione
1121 765 1208 829 mille

138 848 236 914 ferme
251 872 401 935 passuum
423 866 528 915 castra
543 867 634 916 erant
650 850 835 917 Gallorum:
859 850 1060 914 ⁴Catmelusb
1074 873 1134 936 pro
1156 874 1206 915 re·

39 1000 49 1021 ,
137 937 215 1026 gulo
230 949 299 1001 erat
313 936 415 1001 tribus
429 937 535 1001 band⁰
548 938 685 1023 amplius
701 937 841 1001 millibus
855 951 1060 1001 armatorum.

181 1022 227 1087 11.
253 1022 337 1098 istri,
353 1037 389 1086 nt
402 1025 543 1108 primum
557 1023 598 1087 sd
613 1022 717 1086 lacum
730 1022 858 1087 Timavi
875 1036 979 1086 castra
997 1034 1071 1086 sunt
1086 1022 1204 1087 Roma·
1213 1036 1271 1083 latri
1279 1037 1370 1083 mmut·

87 1152 96 1177 ·
137 1104 301 1258 Ἣ,
323 1109 382 1192 ipsi
411 1121 484 1193 post
512 1109 627 1174 collem
655 1108 782 1173 occulto
811 1111 884 1172 loco
913 1109 1142 1185 consederunr3
1173 1106 1361 1211 etffimffl‘

91 1244 100 1265 .
135 1194 170 1258 in
193 1215 255 1257 eo
278 1193 372 1278 liquis
392 1193 558 1258 itineribus
579 1216 693 1280 agmen
716 1195 939 1279 sequebantur,
956 1194 990 1257 in
1005 1215 1132 1258 omnem
1151 1217 1338 1275 ‹rc-mi,

135 1281 297 1347 :aaronem
319 1281 454 1343 intenti:
477 1282 733 1365 necquidquam
760 1303 826 1360 eos,
848 1302 920 1364 quae
950 1292 1035 1343 terre
1062 1281 1206 1367 marique

133 1377 320 1453 agerentur,
337 1366 477 1431 fallebat.
523 1366 698 1451 Postquam
722 1366 874 1429 stationes
895 1364 1049 1429 invalidas
1067 1388 1132 1430 esse
1146 1389 1207 1451 pro

133 1452 258 1526 castris,
274 1454 408 1515 'eorum
424 1451 519 1517 turba
539 1453 668 1515 inermis
682 1449 830 1537 frequens
845 1451 927 1515 inter
944 1464 1047 1516 castra
1068 1464 1100 1516 et
1121 1474 1208 1517 mare

137 1538 360 1617 mercantium,
387 1539 455 1601 sine
478 1537 545 1601 ullo
568 1538 711 1607 terrestri
733 1549 790 1601 aut
811 1538 972 1601 maritimo
995 1538 1206 1616 munimento,

138 1623 302 1699 viderunt;
324 1624 391 1687 dno
413 1622 509 1687 simul
522 1623 683 1708 praesidia,
707 1622 901 1688 Placentina:
922 1622 1072 1703 cohortis,
1087 1635 1118 1688 et
1140 1646 1208 1686 ma-

137 1708 323 1793 nipulorum
344 1710 492 1773 secundae
514 1709 658 1795 legionis,
674 1708 915 1796 adgrediuntur.
961 1709 1089 1773 Nebula
1104 1721 1208 1773 matu·

135 1796 204 1858 tina
224 1807 349 1859 texerat
370 1796 550 1880 inceptum:
575 1818 639 1880 qun
657 1795 818 1861 dilabente
840 1795 882 1859 ad
903 1796 1043 1879 primum
1065 1809 1208 1879 teporem

133 1878 221 1959 solis,
242 1880 431 1965 'perlucens
449 1882 516 1966 jam
540 1880 670 1968 aliquid,
687 1882 808 1945 incerta
831 1892 950 1960 tamen,
974 1895 1010 1945 ut
1032 1879 1120 1957 solet,
1137 1879 1205 1958 lux,

132 1967 274 2050 speciem
289 1967 433 2030 omnium
450 1966 655 2051 multiplicem
673 1969 809 2032 intuenti
826 1966 971 2043 reddens,
988 1979 1055 2030 tum
1079 1988 1207 2052 quoque

132 2050 285 2116 frustrata
300 2053 475 2133 Romanos,
490 2057 592 2117 multo
613 2055 767 2139 majorem
788 2054 836 2129 iis,
853 2074 949 2138 quam
970 2064 1044 2129 erat,
1065 2052 1206 2117 hostiurn

129 2139 237 2202 aciem
260 2139 409 2203 ostendit.
440 2161 505 2224 qus
533 2138 634 2202 territi
664 2141 831 2224 utriusque
851 2139 994 2203 stationis
1016 2137 1131 2202 milites
1157 2139 1206 2201 in·

132 2224 226 2308 genti
239 2223 381 2287 tumultu
396 2245 496 2309 quum
517 2226 550 2287 in
572 2239 675 2289 castra
693 2224 919 2310 confugissent,
934 2223 1023 2287 haud
1037 2223 1146 2307 paullo
1162 2224 1206 2286 ibi

131 2305 222 2392 plus,
246 2329 341 2389 qnnm
368 2308 455 2407 quod
479 2330 585 2371 secum
607 2310 668 2392 ipsi
689 2309 883 2384 adtulerunt,
898 2309 1031 2371 terroris
1052 2307 1206 2371 fecerunt.

126 2392 226 2457 ¹Nutu
243 2412 348 2474 neque
361 2394 480 2463 dicere,
494 2393 571 2470 quid
584 2392 751 2471 fugissent,
764 2415 824 2450 nec
837 2393 1119 2469 percunctantibus
1135 2389 1206 2453 red·

26 2511 27 2520 ¹
129 2478 214 2542 dere
229 2495 418 2557 responsum
432 2483 598 2555 poterant:
621 2483 653 2534 et
666 2470 789 2534 clamor
810 2474 841 2533 in
864 2470 965 2554 portis
984 2476 1030 2552 (ut
1048 2474 1102 2537 ubi
1121 2475 1208 2540 nulls

131 2572 219 2628 esset
244 2558 348 2634 atauo,
372 2579 445 2644 quae
477 2556 644 2620 sustineret
665 2556 824 2640 inpetum)
846 2556 1050 2623 audiebatur:
1074 2572 1106 2623 et
1128 2581 1206 2626 con·

26 2645 28 2654 ⁴
128 2647 276 2714 curastis
298 2645 331 2707 in
354 2645 491 2708 obscuro
509 2642 717 2707 incidentium
732 2643 867 2707 aliorum
891 2643 924 2706 in
947 2644 1025 2708 alios
1046 2646 1204 2711 incertum

26 2731 28 2738 ’
129 2735 264 2812 fecerat,
279 2752 320 2795 an
341 2729 442 2794 hostis
457 2730 542 2793 intra
555 2728 673 2793 vallum
693 2741 785 2792 esset.
831 2729 905 2794 Una
927 2751 991 2795 vox
1014 2732 1204 2797 audiebatur

132 2819 176 2884 ad
191 2837 280 2881 mure
295 2817 487 2880 vocantium.
532 2816 569 2880 ld
591 2813 672 2878 forte
696 2827 815 2878 temere
834 2814 874 2879 ab
900 2837 965 2879 nno
987 2817 1200 2884 exclamatum
1211 2837 1358 2900 Fugtunrau

26 2903 28 2918 '
131 2905 209 2971 totis
228 2904 345 2988 passim
368 2901 559 2986 personabat
580 2902 700 2965 castris.
747 2901 859 2985 Itaque
883 2902 998 2986 primo,
1013 2903 1100 2967 velut
1119 2903 1336 2988 jussimmsse

26 2967 28 3020 l
129 2991 168 3055 id
183 2989 296 3064 facere,
311 2988 405 3072 pauci
420 2987 542 3064 armati,
559 2987 659 3070 major
673 3006 747 3070 pnrs
762 2986 908 3067 inermes,
923 2987 963 3049 nd
979 3009 1066 3051 mare
1088 2969 1297 3064 decus-ml,

26 3079 28 3114 ³
129 3091 227 3142 runt:
250 3074 327 3137 dein
347 3073 465 3159 plures,
488 3085 649 3157 postremo
670 3093 772 3156 prope
793 3094 912 3150 omncs,
928 3086 959 3136 et
980 3075 1048 3159 ipse
1069 3076 1199 3156 consul3

131 3183 246 3248 quum,
262 3162 381 3224 frustra
396 3181 543 3223 revocare
564 3158 720 3240 fugientes
743 3170 884 3236 conatus,
902 3180 960 3221 nec
983 3159 1127 3244 imperio,
1143 3184 1202 3228 nec

26 3309 28 3322 Α
131 3247 332 3321 auctoritate,
355 3267 415 3310 nec
443 3245 590 3327 precibus
619 3243 659 3306 ad
687 3255 876 3324 extremum,
900 3245 1059 3310 valuisset.
1105 3248 1200 3313 Unus

133 3333 286 3396 remansit
313 3331 362 3396 M.
389 3331 529 3395 Licinius
553 3328 680 3405 Strabo,
702 3329 852 3393 tribunus
875 3330 1011 3394 militum
1031 3334 1134 3397 tertiae
1156 3335 1200 3398 le·

133 3418 252 3507 gionis,
266 3421 360 3483 'cum
376 3417 478 3480 tribus
492 3416 591 3500 signis
606 3414 646 3478 ab
662 3413 787 3501 legione
802 3438 857 3479 sua
878 3415 1017 3482 relictus.
1042 3417 1149 3497 Hunc,
1167 3423 1199 3486 in

389 3543 402 3582 b
414 3546 535 3595 Carmelus
545 3546 619 3591 Gron.
632 3543 703 3591 Cres.
802 3547 814 3575 θ
824 3548 865 3591 aut
875 3546 948 3591 Gron.

162 3650 320 3699 scmus
337 3665 383 3711 pro
400 3651 482 3712 reg-adu
497 3649 559 3710 erat]
589 3650 651 3696 Hac
683 3649 836 3696 Gronovius:
855 3650 941 3712 soram
963 3652 1029 3696 latria
1049 3654 1134 3699 inerrat
1144 3653 1200 3713 fre.

124 3716 394 3774 nobiasuspectnsunt.
427 3715 507 3761 Possis
518 3719 601 3760 tamen
611 3721 651 3759 ut·
683 3715 823 3772 muter
839 3719 946 3761 -ustraet
962 3719 1199 3763 mremeroaatlsm.

125 3793 229 3840 cunque
246 3779 382 3838 explicare:
406 3779 534 3826 carmelus
551 3778 651 3837 quidam
683 3777 774 3823 Forum
784 3779 892 3838 intellige
902 3779 1039 3839 emporium
1054 3781 1124 3835 illud,
1135 3783 1200 3840 quod

122 3847 183 3891 luco
198 3842 288 3902 reguli,
300 3844 343 3903 qui
352 3845 404 3904 ipss
416 3856 463 3889 non
480 3843 572 3896 adast,
584 3843 608 3887 in
619 3842 650 3887 iis
682 3842 750 3887 brevi
766 3844 922 3902 perfrequens
937 3845 1030 3889 iactum
1049 3845 1123 3891 luisse
1139 3845 1201 3889 dixit

26 3949 29 3954 ,
123 3907 216 3955 murs
227 3913 280 3952 erut
296 3919 353 3953 eum
371 3909 449 3954 tribrrs
464 3907 529 3952 baud
545 3907 650 3966 amplius
682 3918 755 3964 supra
766 3906 857 3953 Livius.
1147 3939 1152 3946 -

123 3972 241 4019 millibus
260 3965 419 4018 irritatorum.
456 3969 531 4016 Hand
551 3970 652 4029 umpllur
714 3970 873 4017 dPerlsrcem
883 3973 937 4032 jum
953 3971 1050 4031 aliquid,
1066 3971 1201 4015 tneeru'to.

123 4038 176 4097 tegi
185 4032 314 4097 jusserunt
323 4034 469 4082 Florebellua
479 4040 505 4080 et
515 4035 651 4080 Gronovius
683 4047 745 4089 men,
756 4035 856 4089 strom,
867 4035 921 4097 lun}
947 4037 1002 4082 Lux
1014 4032 1067 4094 jam
1079 4031 1159 4092 aliqua
1169 4049 1201 4082 ex

126 4099 347 4160 pumampttar.
683 4105 752 4158 purte
773 4111 932 4159 perrumpens
959 4096 1088 4150 obstantia,
1110 4098 1202 4146 incerte

160 4165 179 4211 ὅ
205 4163 297 4210 &nra
324 4163 391 4208 turta
411 4163 507 4208 immista
525 4160 650 4225 msam}
683 4170 776 4217 tamen,
796 4169 825 4209 ut
846 4163 907 4208 solet
931 4175 992 4212 esse,
1015 4173 1092 4219 quum
1107 4164 1202 4211 nebrrlis

125 4226 236 4288 Egregie
256 4227 308 4273 λοι
327 4227 433 4287 Scaliger
446 4225 532 4288 sorum
552 4239 596 4285 pra
614 4240 649 4273 eo·
681 4228 844 4275 dilabentibus
852 4226 911 4270 oriri
921 4224 1015 4283 incipit.

124 4303 193 4338 nm.
234 4289 323 4339 Tmaru
350 4291 476 4353 pedonum
502 4290 650 4337 deformat
715 4290 817 4337 'lem
837 4286 1018 4352 mosangen]
1044 4289 1201 4344 eumcum·
