2942 4750
321 237 377 305 ’199
693 233 819 303 'l‘1r1
849 233 985 303 tivit

156 419 289 478 ucsss.
316 397 482 493 profectus,
512 406 703 472 Corinthum
728 404 827 469 altero
852 404 905 469 die
929 406 1081 490 pervenit.
1107 403 1184 467 urbs
1206 414 1274 470 erat
1296 394 1382 470 rese

155 497 185 539 b
195 495 227 544 ὓ-
237 495 288 542 161·
316 493 467 578 praeciara
481 496 578 556 ”ante
591 491 761 554 excidium.
784 509 841 554 arx
862 511 988 592 qaoque
1009 502 1041 553 et
1055 487 1192 554 isthmus
1205 491 1377 574 praebuere

196 630 198 634 ,
314 577 547 663 spectaculum:
584 578 667 638 ”arx
689 577 771 640 inter
799 589 905 638 omnm
926 576 958 637 in
982 576 1140 638 inmanem
1170 575 1371 640 altitudinem

230 689 237 700 ·
313 665 405 738 edita,
427 672 548 724 scatens
570 660 727 724 fontibus:
761 659 902 724 isthmus
923 659 988 723 duo
1014 661 1121 735 maris,
1142 659 1182 723 ab
1204 669 1372 742 occasuet

313 761 385 812 ortu
400 748 473 809 solis
487 746 630 820 finitima,
647 747 722 807 artis
737 745 876 808 laucib'trs
898 746 1061 809 dirimens,
1106 744 1272 829 Sicyonem
1294 745 1375 810 inde

312 847 344 896 et
360 836 464 916 Argos
487 827 607 893 nobiles
627 830 719 893 urbes
741 831 825 893 adit:
849 831 922 892 inde
936 829 1019 892 haud
1036 847 1143 912 parem
1160 831 1273 914 opibus
1289 831 1371 914 Epi-

312 917 458 992 daurum,
472 915 526 979 sed
542 915 681 978 inclitam
696 914 985 998 AEmutupitnouiti
1000 914 1140 998 tempiu;
1164 913 1259 997 qued,
1274 918 1370 1000 qhin·

312 1021 375 1087 que
390 1002 527 1064 millibus
541 1021 687 1083 passuum
703 998 744 1063 sb
768 1000 989 1078 moechum,
1007 1011 1090 1062 hunc
1111 1000 1248 1085 vestigiis
1262 1001 1370 1064 rerel-

312 1107 420 1151 sorum
435 1086 603 1161 donorum,
620 1097 687 1148 tum
701 1085 794 1148 tionis
809 1084 896 1147 dives
911 1097 988 1160 erat,
1005 1105 1077 1169 quoe
1094 1087 1302 1158 remediorum
1317 1089 1379 1148 θεέ

311 1172 461 1236 lutarium
478 1172 555 1257 regri
569 1172 745 1234 mercedem
767 1179 965 1233 sacraverant
987 1171 1069 1233 Deos
1114 1170 1195 1233 lude
1217 1169 1370 1234 Lacedae·

310 1278 437 1320 monem
452 1256 528 1332 adit,
549 1277 614 1318 non
636 1276 769 1338 operum
791 1254 1036 1341 magnificentia,
1057 1253 1111 1317 sed
1132 1253 1296 1337 disciplina
1317 1257 1369 1320 in-

310 1344 485 1424 stitutisque
498 1341 746 1404 memorabilem
769 1341 855 1403 unde
867 1362 925 1424 per
937 1339 1165 1425 Megalopolim
1182 1337 1369 1423 Olympiam

309 1426 480 1491 adscendit
527 1426 593 1491 Ubi
618 1425 730 1489 etalio
750 1425 878 1512 quidem
902 1423 1072 1509 spectanda
1092 1426 1167 1500 tiss,
1189 1436 1229 1500 et,
1251 1426 1368 1491 ioieln

308 1512 395 1576 velut
408 1525 594 1596 praesentem
611 1512 745 1588 intuens,
761 1513 894 1573 “motus
916 1512 1022 1573 animo
1036 1521 1090 1572 est
1136 1509 1257 1592 ltaque,
1281 1509 1370 1576 haud
1465 1539 1467 1542 ·

308 1619 397 1662 secus
422 1617 517 1681 quam
544 1596 569 1657 si
595 1597 626 1658 in
653 1596 810 1678 Capitolio
836 1595 1044 1658 immolaturus
1066 1607 1154 1670 esset,
1177 1594 1368 1660 sacrificium
1465 1649 1466 1652 ,

308 1682 444 1765 amplius
471 1680 564 1743 solito
589 1681 733 1763 adparari
754 1682 858 1765 jussit.
901 1681 953 1744 Ita
974 1691 1142 1765 peragrata
1168 1680 1304 1756 Graecia,
1331 1694 1369 1746 ut

308 1767 389 1830 nihil
403 1785 524 1840 eorum,
543 1786 615 1863 quae
637 1766 770 1850 quisque
791 1765 896 1829 Persei
916 1765 1001 1827 bello
1015 1764 1185 1847 “privatim
1209 1777 1263 1826 aut
1282 1765 1366 1848 pub-

307 1852 368 1916 lice
381 1852 535 1924 sensisset,
559 1851 740 1934 inquireret,
762 1870 805 1913 ne
826 1851 914 1934 cujus
937 1864 1020 1912 metu
1043 1849 1222 1912 sollicitaret
1243 1854 1368 1915 animos

308 1939 477 2011 sociorum,
495 1934 756 1999 ”Demetriadem
773 1955 871 2020 quam
888 1935 1023 2010 revertit,
1041 1936 1071 1996 in
1084 1935 1194 1997 itinere
1205 1931 1369 2001 sordidata

307 2021 401 2084 turba
414 2021 595 2083 AEtoloram
610 2019 752 2082 obcurrit
761 2041 770 2093 ς
794 2020 983 2104 mirantique
998 2029 1029 2083 et
1044 2020 1270 2102 percunctanti,
1310 2022 1368 2086 uid
1466 2073 1467 2094 ,

307 2117 395 2180 esset,
425 2104 576 2182 defertur,
601 2106 790 2190 quingentos
811 2106 1038 2190 quinquaginta
1061 2104 1216 2189 principes
1238 2105 1279 2167 ab
1287 2041 1366 2192 (iy-
1466 2109 1467 2120 ¹

306 2190 391 2252 cisso
406 2200 437 2253 et
453 2188 597 2274 Tisippo,
621 2191 826 2252 circumsesso
847 2203 956 2252 senatu
977 2203 1034 2273 per
1056 2188 1169 2251 milites
1191 2190 1365 2270 Romanos,

305 2274 418 2338 missos
431 2297 451 2337 a
467 2275 579 2338 Baebio
593 2274 739 2358 preside,
754 2274 948 2351 interiectos3
971 2276 1047 2338 allos
1062 2275 1094 2336 in
1115 2274 1259 2337 exsilium
1275 2287 1365 2342 actos
1448 2302 1457 2316 ·

305 2382 388 2425 esser
426 2362 573 2448 bonaque
600 2382 721 2442 eorum,
745 2361 800 2446 qui
830 2361 985 2425 interiecti
1013 2373 1127 2437 essent,
1157 2372 1188 2423 et
1218 2362 1364 2426 exsulum

304 2446 498 2531 ’'possidere,
535 2447 588 2533 qui
624 2449 809 2530 urguebant.
863 2446 962 2510 Jussis
997 2444 1213 2528 Amphipolim
1246 2446 1364 2526 adesse,

303 2532 379 2616 ipse,
407 2542 562 2596 convento
587 2531 648 2596 Cn.
682 2533 817 2596 Octavio
842 2530 1056 2608 Demetriade,
1083 2542 1251 2615 postquam
1280 2529 1365 2596 lema

303 2618 428 2693 accidit,
454 2618 610 2701 trajecisse
629 2619 696 2699 jam
720 2638 808 2678 mare
830 2615 937 2678 decem
964 2615 1092 2701 legatos,
1123 2615 1268 2679 omnibus
1293 2616 1372 2680 aliis'

144 2715 216 2761 naen
225 2714 296 2760 Paut-
305 2702 437 2778 omissis,
459 2700 691 2782 ”Apolloniam
721 2700 762 2762 ad
792 2723 844 2762 eos
869 2702 985 2787 pergit.
1008 2723 1071 2784 quo
1100 2720 1197 2784 quum
1228 2700 1370 2765 Perseus

142 2778 181 2823 ¹¹¹⁸
191 2778 282 2853 hist·
304 2784 429 2861 obviarn
456 2781 644 2866 Amphipoli
668 2784 762 2845 nimis
785 2784 886 2847 soluta
911 2785 1054 2848 custodia
1080 2785 1287 2868 processisset,
1316 2788 1364 2870 (id

142 2841 274 2888 ‘mm
303 2867 367 2931 diei
381 2866 441 2929 iter
456 2872 514 2947 cst)
532 2867 634 2949 ipsum
649 2867 776 2952 quidem
793 2870 864 2932 beni
910 2870 1105 2933 eadiocutus
1120 2882 1185 2932 est:
1209 2883 1361 2949 ceterum,

303 2961 469 3038 postquam
485 2955 518 3014 in
533 2967 633 3014 castra
647 2952 686 3014 ad
711 2953 873 3037 Amphipo
885 2955 929 3016 im
949 2958 1044 3033 venit,
1063 2955 1201 3041 graviter
1214 2956 1364 3039 increpu-

303 3041 363 3105 isse
378 3037 513 3101 traditur
530 3036 568 3100 C.
586 3035 782 3120 Sulpicium:
804 3040 953 3122 primum,
976 3038 1061 3125 quod
1080 3039 1193 3103 Persea
1209 3052 1273 3105 tam
1287 3061 1366 3121 pru-

301 3122 354 3186 dul
383 3144 402 3185 a
426 3144 460 3185 se
484 3121 591 3207 vagari
618 3142 674 3204 per
697 3123 889 3205 provinciam
916 3127 1050 3209 ”passus
1074 3138 1194 3186 esset·:
1231 3123 1363 3203 deinde,

301 3206 387 3295 quod
414 3207 493 3271 adeo
518 3206 701 3269 indulsisset
725 3207 887 3286 militibus,
911 3224 947 3275 ut
969 3210 1089 3273 nudare
1112 3204 1226 3294 tegulis
1250 3228 1363 3275 muros
1466 3268 1467 3291 2

301 3291 389 3354 urbis
402 3292 442 3355 ad
453 3292 586 3375 tegenda
595 3290 799 3357 hibernacula
810 3316 866 3356 sua
875 3306 1044 3377 pateretur.
1056 3292 1228 3378 referrique
1239 3293 1364 3377 tegulas
1428 3290 1467 3327 ⁸*

300 3388 332 3439 et
353 3378 495 3441 resarciri
519 3388 611 3456 tecta,
629 3379 709 3440 sicut
728 3377 863 3455 fuerant,
879 3380 982 3466 jussit.
1027 3378 1070 3441 Et
1094 3377 1209 3441 Persea
1231 3379 1364 3465 quidem

695 3574 699 3582 .
758 3515 891 3563 amem

329 3636 440 3683 sesso
457 3635 594 3697 sewum]
627 3636 814 3682 coenones-
876 3636 1365 3701 mmmmaepumolmsgap..
1413 3624 1421 3635 ’

297 3689 506 3746 citaabiummio
519 3696 565 3753 esi,
577 3701 652 3746 altero
664 3707 690 3745 et
701 3700 814 3744 visseim
845 3704 909 3745 ceret
923 3704 965 3745 aest
979 3700 1075 3759 pellice,
1094 3703 1215 3759 quomodo
1231 3702 1321 3762 legitur
1336 3705 1367 3749 in

296 3763 426 3822 posthunc
437 3777 507 3809 suno.
843 3763 921 3822 prims
931 3764 1043 3816 editiom,
1055 3770 1115 3808 teste
1128 3764 1241 3809 Heernitr.

231 3882 233 3887 Ι
327 3826 361 3874 83
386 3827 441 3872 Ars
462 3828 523 3871 ister
543 3826 631 3889 meis]
665 3824 811 3872 Felicissime
874 3825 1085 3872 mmmmm
1095 3839 1166 3885 mm
1176 3824 1284 3889 mviii]
1303 3826 1365 3876 Me·

296 3890 446 3937 Gronovius:
467 3902 513 3935 ers
528 3891 591 3934 intre
609 3891 698 3935 menia.
735 3888 812 3933 Docet
842 3891 871 3935 lit
882 3890 1016 3935 Gronovius
1026 3892 1160 3935 numism.

294 3955 360 4000 enim
378 3954 462 4000 Strabo
478 3955 494 3999 l.
506 3952 579 3998 Vlli.
596 3968 620 4012 p.
636 3953 692 3998 8⁷9.
708 3954 812 3996 Acroco-
873 3953 906 3998 37
917 3953 1044 4005 Poseidon,
1056 3954 1095 4013 pst
1104 3953 1243 4016 moene]
1256 3953 1306 4000 Eae
1315 3958 1367 4017 qui

294 4018 404 4063 slathum
426 4017 549 4063 cummuni
571 4030 629 4061 cum
656 4016 714 4059 urhe
741 4026 812 4060 muro
842 4017 981 4074 mebant,
994 4017 1044 4061 sive
1054 4024 1209 4062 meatem.

294 4080 492 4127 ‹memmi-e.
873 4078 906 4125 88
1061 4079 1196 4141 lihteillge
1204 4081 1377 4144 spetiosum·

326 4140 812 4201 &Metuentmmli'luterchusse-
843 4141 878 4186 ch
1005 4143 1383 4196 ‚niummtercmtrsmnee

294 4203 341 4247 lert
356 4206 511 4250 munblle
523 4205 614 4251 AEmuu
628 4204 735 4248 metum
754 4202 810 4248 Plri-
956 4221 971 4252 a
981 4206 1073 4251 fluvius

294 4264 346 4308 diss
368 4268 440 4320 solus,
463 4268 550 4326 inquit,
573 4266 692 4311 effinxisse
712 4267 809 4315 videtur
919 4268 1006 4318 Passus
1018 4270 1064 4337 esi]
1081 4268 1146 4331 Lege
1161 4282 1219 4318 cem
1235 4270 1367 4321 (imme

294 4325 449 4375 etimJovem
459 4341 532 4389 quem
542 4329 629 4376 cecinit
640 4329 768 4376 Homerus.
839 4332 902 4377 met
