2942 4750
471 184 815 271 PRAEFATIO.
982 190 994 203 ”
1125 195 1189 269 lxv

14 374 29 396 ο
94 394 322 503 distinguere
336 420 453 504 'opera
466 392 636 504 plerique
651 415 787 491 ament,
799 426 890 479 sane
906 404 1117 478 carendum
1132 414 1190 480 est

94 544 145 627 nc
161 530 227 595 aut
249 544 382 619 pamm
407 521 553 596 [aunis
577 521 770 595 vocabulis
795 517 1119 615 locutionibusque
1134 521 1189 592 in·

51 724 61 743 ⁴
94 624 524 741 quinemus'orationem
543 647 769 712 autsensum
780 637 862 731 ejus
873 632 1035 709 auctoris
1050 652 1191 731 ex'qno

94 752 237 850 aliquid
254 753 412 827 mutuati
428 778 556 828 sumus
573 776 866 850 corrumpamus.
919 752 1047 845 Quum
1064 759 1188 824 autem

94 868 158 942 rix
181 869 357 967 cuiquam
383 877 530 944 tantum
556 868 621 943 otii
649 869 820 966 supersit,
843 878 886 941 ut
911 866 1037 940 omnia
1061 891 1191 963 perse

25 1046 43 1076 ,
94 1010 192 1059 unus
215 985 437 1082 investigare
463 994 587 1084 queat,
613 1009 781 1084 quonam
799 985 916 1057 modo
939 984 1020 1056 baec
1048 982 1190 1057 inoom·

93 1099 212 1170 moda
228 1096 334 1172 vitari
359 1108 544 1196 potemnt,
570 1099 642 1174 nisi
668 1098 743 1172 sint
764 1097 831 1196 ‘qui
848 1096 1019 1193 religiose
1035 1118 1190 1193 perpen-

94 1213 211 1286 dendi
228 1212 520 1313 uniuscujusque
545 1214 720 1301 auctoris,
747 1224 785 1286 et
809 1212 1038 1310 explanandi
1058 1212 1190 1309 siquae

95 1329 256 1403 obscura
271 1338 370 1417 sunt,
388 1354 471 1427 quae
492 1355 625 1428 pamm
649 1339 743 1403 nota
767 1327 989 1415 illustrandi,
1007 1353 1136 1403 curam
1152 1327 1191 1402 in

95 1470 138 1519 se
152 1444 355 1541 recipiantl

145 1557 323 1656 Denique
342 1558 382 1632 in
399 1559 663 1655 depromendis
688 1583 737 1632 ex
753 1558 885 1633 veteris
901 1559 1063 1634 historia
1079 1584 1191 1656 penu,

93 1675 201 1772 quod
218 1664 310 1747 sane
325 1675 610 1771 frequentissimi
619 1700 714 1749 usus
723 1685 791 1760 est,
810 1675 931 1749 omnis
947 1675 1108 1772 exempli
1125 1674 1192 1746 do·
1234 1736 1237 1743 .

94 1789 293 1877 cementis,
321 1815 454 1877 errare,
484 1791 570 1879 labi,
599 1792 649 1865 ob
680 1791 791 1865 unius
823 1815 924 1887 saepe
950 1790 1101 1877 verbuli,
1129 1798 1194 1863 aut
1231 1862 1235 1874 ,

94 1904 258 1979 nominis
292 1905 461 2001 alicujus,
495 1918 561 1981 ant
591 1906 727 1981 vetusti
765 1905 879 1980 mon‘s
911 1906 1192 2003 ignorationem,

94 2045 211 2118 quam
228 2032 345 2120 turpe,
363 2033 442 2097 tam
466 2023 629 2120 proclive
653 2033 722 2111 est,
740 2022 812 2096 nisi
836 2033 941 2119 regat
961 2024 1116 2121 vestigia
1130 2048 1193 2122 pe-

95 2135 155 2210 riti
171 2137 379 2236 interpretis
396 2164 541 2213 manns.
571 2206 576 2217 .

149 2252 227 2325 Sed
244 2261 292 2336 et,
310 2253 481 2349 quamvis
496 2253 657 2327 multum
675 2255 804 2346 jaceat
827 2253 924 2326 inira
944 2254 1097 2329 landem
1113 2257 1322 2354 ejusrntepe-

94 2365 164 2465 qui
180 2365 330 2463 proprio
348 2366 474 2442 Marte
496 2367 638 2466 aliquid
664 2369 796 2444 condit
819 2370 1019 2466 egregium,
1036 2345 1356 2469 operosai‘aidiiir.

94 2483 306 2581 interpretis
326 2484 529 2582 diligentia,
551 2509 621 2558 sua
644 2495 771 2558 tamen
796 2484 896 2558 hunc
912 2510 1062 2584 quoque
1078 2488 1196 2584 gloria
1203 2471 1337 2583 {wm

97 2609 237 2686 manet,
255 2624 325 2674 nec
342 2601 394 2674 ad
417 2599 648 2696 provinciam
672 2600 771 2674 banc
796 2609 897 2673 recte
920 2603 1196 2699 procurandam

97 2707 339 2791 solummodo
355 2715 483 2789 labore
499 2725 538 2788 et
552 2715 746 2802 industria,
770 2716 839 2790 sed
865 2716 1070 2814 perspicaci
1087 2718 1197 2793 iuter·

100 2828 193 2902 dum
208 2826 369 2925 ingenio,
395 2828 599 2926 limatoque
618 2828 765 2922 judicio
790 2853 886 2927 opus
911 2853 994 2903 esse
1018 2832 1197 2905 conliten'·
1237 2821 1261 2910 ρ

99 2945 194 3018 dum
210 2954 279 3017 est.
331 2944 493 3032 Etenim,
511 2943 692 3018 utrarios
717 2955 892 3019 excutere
909 2946 1061 3036 codices
1078 2957 1116 3020 et
1130 2961 1207 3022 eos'

98 3059 198 3133 inter
213 3082 253 3131 se
269 3061 447 3160 conferre,
473 3059 670 3134 laboriosae
694 3060 881 3157 patientia
907 3072 988 3150 est3
1012 3072 1055 3135 nt
1079 3064 1199 3136 multa

99 3172 248 3269 legisse,
266 3174 548 3272 perseverantia
573 3186 612 3250 et
628 3173 881 3264 assiduitatis3
907 3177 1025 3249 multe
1041 3177 1199 3258 fideliter
1240 3227 1243 3234 -

101 3289 229 3364 animo
263 3290 511 3378 continuisse,
537 3289 736 3385 cujusdam
769 3289 958 3380 memoriae
990 3290 1213 3368 felicitatist·
1298 3384 1303 3394 ,

64 3473 68 3482 .
99 3406 166 3490 ita,
183 3405 247 3500 qui
263 3408 429 3482 auctoris
449 3416 611 3481 mentem
638 3407 677 3480 in
693 3429 833 3503 magna
857 3431 956 3503 saepe
981 3407 1199 3485 difficultate
1235 3475 1238 3480 .

100 3529 299 3596 assecutus
313 3522 372 3609 sit,
389 3524 455 3619 qui
470 3523 573 3620 ipsos
599 3521 794 3597 scribentis
819 3546 952 3597 sensus
968 3522 1139 3615 induerit,
1157 3523 1200 3601 ut

84 3661 152 3731 ,ex
167 3657 215 3709 eo
230 3655 343 3731 quem
358 3637 421 3711 ille
436 3637 649 3711 inurebatur
673 3659 803 3733 scopo,
828 3662 876 3711 ex
901 3637 946 3712 iis
961 3664 1046 3736 quae
1062 3667 1198 3739 prace-

101 3755 201 3830 dunt
227 3762 515 3851 sequrmturque,
546 3777 595 3827 ex
622 3759 704 3825 tota
727 3751 1020 3840 ratiocinatione,
1048 3754 1201 3851 colligat

100 3869 197 3969 quid
215 3867 302 3941 dici
331 3869 510 3956 debuerit,
538 3867 603 3966 qui
616 3891 678 3941 -ex
704 3889 844 3965 magno
868 3868 1053 3942 variarum
1071 3861 1198 3942 lectio·

102 4010 196 4063 num
213 4006 348 4059 acervo
364 4007 450 4057 eam
465 4009 550 4082 quae
567 3983 615 4056 ad
638 4007 802 4080 prensens
826 3983 1035 4057 institutum
1050 3989 1200 4057 antom-

103 4100 366 4178 modotissima
385 4107 457 4188 ost,¹
471 4099 674 4197 prudenter
697 4099 859 4197 elegerit,
884 4097 950 4195 qui
975 4097 1138 4197 denique
1152 4124 1201 4175 ex

33 4317 34 4326 ,
104 4218 324 4293 deformata
339 4235 614 4316 nonnunquam
626 4215 818 4315 scripture
829 4212 991 4313 vestigiis
1003 4214 1123 4293 latens
1142 4244 1200 4293 ve·

157 4356 249 4409 von.
267 4357 324 4408 1v.
622 4331 644 4376 ⁴*
656 4354 680 4405 n
