2942 4750
366 160 659 223 Histonlanurt
686 159 776 227 ΤῙΤΙ,
801 154 916 222 lell.
1077 165 1194 223 cxxxix·

96 326 236 398 taedium
260 344 319 389 nee
343 345 402 389 suo
431 324 562 411 quisque
589 325 679 412 operi
702 325 815 390 artifex
832 325 950 390 deerat.
995 325 1193 390 Convocatis·

9 444 10 449 κ
97 408 212 475 deinde
233 409 377 474 omnium
401 411 594 495 populorum
619 409 841 498 legationibus,
858 412 878 444 ¹⁸
886 414 1055 475 summatim
1070 413 1187 493 prioris

8 524 9 531 ¹
97 496 169 558 tetii
188 506 308 560 euentus
329 497 487 571 recensuit,
508 496 696 579 laudatisque
717 498 872 559 civitatum
892 517 1033 561 consessu
1054 506 1085 558 et
1104 498 1188 559 neiis*-

98 589 160 645 tum
175 583 296 657 nisime,
335 602 390 644 uas
405 582 471 664 ipse
484 602 534 644 res
549 584 702 646 ¹¹eonsiiio
712 584 904 662 prouidisset,
920 602 1060 665 quasque
1081 581 1112 641 in
1127 601 1188 663 op·

97 664 276 813 peuffiumdb
290 660 329 729 u'r
352 666 422 730 ibus
440 664 577 730 hostium
669 667 751 744 isset,
766 666 931 750 exposuit3
954 680 985 729 et
1007 666 1049 728 sd
1068 665 1189 747 reliqua

163 750 171 764 ’
185 750 369 815 cohortatus
384 764 431 815 est
443 753 552 834 paucis
607 762 695 816 octos
709 764 862 835 quantum
879 751 1044 832 Hispanico
1058 749 1188 832 proriu-

98 834 158 898 oioe
178 835 341 900 interesset
367 858 437 901 suas
461 845 566 918 partes
586 836 762 919 superiores
783 858 860 898 esse.
909 835 1053 898 Dimisso
1073 833 1194 899 deinde

98 933 265 998 conventu,
290 920 395 1006 jussis,
425 942 499 1006 quae
512 921 683 986 ¹'omnibus
707 923 916 997 conducerent,
939 921 1101 1002 quibusque
1128 919 1189 983 sibi

90 1016 218 1085 possent
239 1028 285 1070 res
307 1028 429 1071 souare
451 1028 533 1084 sues,
548 1007 649 1091 princi
675 1005 707 1069 io
732 1006 813 1068 veris
833 1006 881 1068 M.
898 1003 1090 1087 Perpernam
1114 1024 1208 1073 cum⁴

97 1089 235 1176 '’riginti
250 1090 376 1155 milibus
390 1089 544 1175 peditum,
556 1027 714 1177 equitibus
727 1089 814 1153 mille
832 1089 1012 1174 quingentis
1028 1090 1059 1152 in
1075 1089 1189 1152 ”liur-

95 1194 232 1239 osonum
254 1187 381 1261 gentem
401 1176 487 1240 misit
511 1175 552 1240 ad
576 1176 724 1241 tuendam
748 1174 886 1261 regionis
912 1175 978 1258 ejus
996 1173 1186 1238 maritimam

95 1279 202 1346 oram3
224 1260 305 1324 datis
343 1261 498 1345 roeceptis,
514 1261 627 1345 quibus
642 1260 807 1325 itineribus
817 1258 947 1321 duceret
961 1258 999 1321 ad
1016 1257 1187 1322 defenden-

94 1342 152 1409 das
167 1344 267 1409 socias
285 1282 389 1422 urbes,
406 1369 483 1430 quas
497 1345 692 1428 'Pompeius
712 1352 923 1429 oppugnaret,
939 1341 1116 1428 quibusque
1137 1342 1187 1428 ip-

95 1449 166 1493 sum
180 1450 294 1516 agmen
310 1429 451 1514 Pompeii
465 1451 507 1494 ex
521 1428 642 1493 insidiis
656 1428 894 1512 adgrederetur.

137 1512 268 1577 Enseu
282 1526 425 1597 tempore
447 1526 480 1578 et
503 1513 544 1578 ad
570 1514 834 1590 Herennuleium,
851 1513 906 1600 qui
927 1516 960 1582 io
984 1512 1096 1580 iisdem
1110 1510 1189 1576 locis

94 1610 172 1676 erat,
188 1597 307 1663 litteras
324 1599 418 1680 misit,
434 1612 466 1664 et
479 1601 500 1633 ⁸
511 1599 544 1663 in
559 1598 689 1664 alteram
710 1599 907 1748 ppovinciam
922 1600 962 1663 ad
978 1598 1045 1663 ¹³L.
1062 1598 1189 1661 Heriu-

94 1682 204 1762 leium,
219 1684 417 1769 prrecipiens,
430 1684 697 1770 quemadmodum
751 1684 829 1748 llum
845 1685 1064 1749 administrare
1080 1681 1186 1758 rellet3

95 1777 171 1832 ante
185 1769 293 1832 omnia
314 1780 350 1833 ut
371 1769 416 1834 ita
436 1771 535 1834 socias
556 1769 695 1834 civitates
713 1781 865 1847 tueretur,
881 1791 922 1833 ne
943 1769 1009 1833 acie
1024 1788 1097 1831 cum
1113 1764 1187 1830 Me-

94 1852 173 1917 tello
186 1854 360 1931 dimicaret,
376 1855 427 1918 cui
442 1876 546 1940 neque
559 1855 746 1920 auctoritate
761 1874 863 1939 neque
883 1854 1003 1917 viribus
1016 1875 1075 1939 psr
1092 1862 1187 1915 esset:

94 1959 136 2002 ne
148 1938 217 2022 ipse
231 1939 361 2025 quidem
376 1939 542 2003 consilium
556 1943 579 1973 '⁴
587 1942 702 2004 inierat
715 1942 867 2003 adversus
881 1961 945 2002 eum
967 1942 1069 2015 eundi,
1086 1957 1190 2022 neque

93 2022 371 2105 inpresentiarum
380 2026 572 2088 inmissurum
581 2045 652 2088 eum
663 2025 821 2100 credebat,
832 2024 1044 2097 sitmheretur
1054 2022 1187 2085 bellum:
1205 2026 1209 2037 '

94 2106 191 2186 hosti,
200 2130 274 2171 cum
288 2129 375 2169 mare
390 2111 429 2169 ab
443 2120 534 2191 tergo
548 2107 788 2190 provinciasque
797 2127 906 2168 omnes
921 2107 953 2167 in
964 2118 1117 2188 potestate
1131 2104 1189 2168 ha·
1227 2142 1229 2145 ·

94 2191 195 2269 beret,
206 2190 339 2255 naribus
352 2189 493 2273 undique
508 2201 701 2255 commeatus
715 2201 882 2255 ventumst
907 2190 968 2273 ipsi
982 2203 1099 2265 atatem,
1112 2209 1189 2252 oon·

95 2276 232 2361 sumptis
245 2277 351 2360 priore
367 2286 482 2351 resiste,
495 2296 567 2360 quae
582 2285 759 2358 proeparata
771 2273 910 2349 fuissent,
923 2275 1065 2337 omnium
1081 2294 1188 2337 rerum

95 2361 238 2448 inopiam
252 2361 338 2428 foret
363 2359 556 2444 Perpernam
571 2360 604 2423 in
620 2359 810 2424 maritimam
829 2360 989 2446 regionem
1004 2363 1189 2444 ”superven-

96 2544 159 2591 iorte
180 2546 224 2606 qui
244 2559 273 2593 co
291 2542 383 2599 ‘mant
404 2545 430 2590 ia
450 2542 493 2590 boe
508 2542 629 2592 tenuium
659 2540 726 2590 Julio
743 2543 842 2598 cusan.
858 2541 961 2590 deBeiio
975 2542 1047 2596 ciuili,
1064 2539 1135 2588 itu
1152 2542 1190 2588 di·

97 2608 194 2654 tardior.
226 2611 261 2654 At
325 2609 381 2654 licet
391 2608 563 2654 mvitiurnboc
574 2619 628 2652 sen-
659 2612 748 2653 cuntur
765 2607 971 2666 Illurgurrouemcr.
1004 2607 1135 2652 Ptolemaeo
1154 2604 1189 2652 11.

98 2683 127 2716 su
139 2678 293 2731 usurpatum,
305 2684 350 2717 uec
361 2671 490 2718 Liuianum
501 2677 545 2717 cst.
660 2669 682 2715 θ.
694 2668 834 2735 ’inquiens

132 2733 163 2780 16
179 2734 320 2781 Summotim
334 2736 425 2795 prioris
441 2733 629 2781 belii-..miii-
694 2732 723 2780 21
742 2733 872 2793 Pompeius.
906 2732 937 2778 ln
963 2734 1045 2781 codice
1070 2732 1190 2779 vitiosae

97 2798 149 2843 ium
162 2798 255 2843 uirtute.
290 2798 351 2845 iisse
366 2797 513 2844 oouveuiuot
528 2797 560 2842 iis
573 2810 629 2857 quar
661 2795 772 2843 trireme
788 2796 883 2854 scripsit
893 2794 1018 2858 Poapeius,
1030 2795 1138 2855 Ponpsii,
1154 2796 1192 2841 iu·

97 2861 253 2915 antecedunt,
270 2869 295 2907 et
310 2862 371 2917 ioco,
386 2861 429 2920 qui
442 2860 468 2905 in
485 2860 566 2906 codice
581 2860 630 2921 legi
657 2859 781 2919 ploratum.
813 2857 883 2904 Vitia
907 2867 964 2906 runt
989 2859 1191 2920 pronuntiationis

98 2927 244 2983 nonpotest.
661 2928 686 2968 et
697 2924 832 2988 scripture,
842 2935 897 2983 quse
908 2935 939 2969 ex
949 2924 1057 2970 nummis
1071 2929 1095 2968 et
1106 2922 1191 2982 lapidi-

132 2982 161 3032 tt
180 2985 281 3032 Consilio
287 2985 432 3046 prouidisset.
465 2985 527 3031 iius
534 2998 630 3046 quoque
661 2987 707 3030 bus
717 2987 834 3044 corrigere
845 2998 949 3043 monum
959 2993 1003 3030 eet.

98 3048 157 3094 niis
167 3049 305 3095 indicantur
315 3062 397 3095 renum
407 3049 474 3094 serie.
693 3046 725 3094 28
740 3048 772 3092 Iu
788 3047 885 3093 oiterm
899 3048 1051 3105 mudum.
1084 3047 1114 3092 io
1133 3047 1192 3094 itis·

132 3109 163 3159 le
181 3109 292 3157 Onuriim
323 3111 478 3165 emduoereut,
509 3109 631 3170 quibusque
661 3110 759 3169 puniam
770 3111 922 3164 ulterioremr
939 3111 1083 3169 moetusque
1100 3111 1191 3157 Herm·

98 3172 142 3219 ιῦί
155 3178 248 3234 possem
269 3187 305 3221 res
325 3187 423 3220 servorc.
456 3172 630 3219 antecedentia
662 3173 722 3220 leius
732 3173 808 3218 fuisse
818 3174 844 3219 in
855 3173 987 3219 Lucinam
999 3171 1192 3225 inmidor-

99 3237 234 3297 etreliqua
244 3238 321 3283 litere
332 3238 386 3284 hoee
396 3237 532 3296 mdigitem
661 3237 737 3297 tegat,
758 3250 814 3296 quse
835 3248 890 3296 pers
911 3241 962 3281 erat
984 3235 1110 3296 Hispana
1129 3237 1193 3282 ulte·

134 3299 165 3346 to
190 3300 282 3360 Viginti
302 3300 401 3345 muita
434 3299 501 3344 Libri
527 3304 628 3352 retum,
661 3299 738 3345 rioris.

100 3359 280 3423 inscriptiones,
289 3369 317 3407 ut
328 3364 485 3409 ethiccodex
495 3361 629 3408 Vaticanus
693 3362 726 3410 23
741 3364 772 3410 ι.
795 3361 950 3409 Hertubium.
983 3360 1111 3423 Perpetem
1134 3362 1193 3424 lips.

78 3424 165 3484 dieii
177 3439 241 3485 supe
259 3427 350 3473 habent
364 3425 465 3480 utilibus,
476 3425 550 3471 snitu.
583 3424 630 3470 Sed
662 3431 728 3472 tome
739 3427 841 3473 Liviana
857 3427 910 3472 libr.
921 3424 989 3472 xci.
1006 3426 1087 3480 hemi,
1099 3425 1193 3473 Herem

99 3489 187 3548 etipse
198 3487 293 3549 quoque
304 3502 362 3536 mox
372 3488 524 3535 babetmiiie.
662 3488 734 3544 lature
752 3490 900 3550 Fragmenta
918 3489 1033 3543 Saliustii,
1049 3489 1192 3536 Hirtuieius.

131 3551 165 3599 2⁰
179 3553 336 3598 Ilurmonunr.
359 3553 631 3598 liuremnesoramma·
664 3550 758 3599 Verum
769 3565 857 3598 nomen
868 3552 948 3612 prodit
962 3552 1144 3612 antiquissimus
1154 3553 1195 3601 hic

99 3613 209 3662 ritimam
224 3615 255 3660 ad
271 3616 332 3662 ostia
348 3615 455 3662 fluminis
471 3615 565 3669 iliberi,
580 3613 631 3661 tii-
664 3614 729 3661 Livii
750 3618 834 3671 codex,
856 3622 884 3663 ut
906 3621 970 3661 recte
996 3615 1131 3661 omeruarit
1156 3616 1193 3663 ct

5 3724 6 3729 ,
98 3676 147 3732 brt,
169 3678 322 3725 habitabant:
342 3692 407 3724 nune
427 3677 450 3723 iu
463 3679 541 3737 partie
558 3677 631 3724 usin·
664 3677 751 3724 Brona.

99 3739 436 3801 mutationisque
453 3741 564 3800 &partie
581 3755 632 3802 sep·
695 3741 728 3788 24
743 3739 951 3788 inmunem
964 3753 1016 3786 eum
1031 3740 1106 3787 eundi
1124 3753 1195 3801 neque

4 3795 7 3857 ζ
99 3804 235 3850 mrimk
263 3803 295 3849 ts
325 3803 445 3864 Reposcere
473 3803 501 3852 dc
530 3803 631 3852 trusae.
664 3804 1044 3864 opraeaenmmmincermm.
1076 3804 1194 3857 Quoiu-

100 3864 173 3914 Forte
202 3867 290 3913 melius
316 3867 460 3913 scriberetur
480 3865 631 3913 sumum
663 3867 1193 3927 perentinMS.eodleelocusqueeamgge-

5 3966 6 3991 ,
100 3928 387 3988 IpseLiriusXXii.2l.
406 3929 633 3990 dixitiuugrosser-
663 3937 728 3977 nmt

4 4039 7 4051 ,
100 3991 632 4052 mmusetipsemoxioirainiirsg-
695 3993 947 4055 murmurarent
979 3993 1193 4051 Jamparsrsrbi

101 4061 184 4102 mento
195 4063 314 4103 memorat
322 4056 488 4102 Ilercaoniam.
518 4053 633 4102 inPiinio
664 4055 967 4104 occurritinliis.oodice.
1001 4056 1031 4101 ld
1045 4068 1141 4115 quoque
1156 4055 1193 4102 iu·

101 4115 284 4180 lii-Sisffltur
293 4119 523 4180 regioliergconum.
550 4116 633 4164 Multa
664 4120 727 4175 nuit,
744 4121 809 4180 quod
824 4133 883 4168 mox
898 4118 1192 4182 equitumue...

101 4180 631 4244 armanumoempemummn·
662 4183 833 4246 agrem
