2942 4750
465 195 559 259 LIB.
577 195 695 256 Xbili.
728 197 825 257 CAP.
845 197 881 255 V.
1165 205 1203 262 99

137 367 239 435 etant,
253 356 306 444 qui
327 356 447 444 legatos
470 358 639 423 mittendos
662 360 700 423 ad
724 377 835 444 pacem
857 360 1005 443 precibus
1029 360 1194 444 petendam
1206 376 1235 424 u.
1248 378 1274 424 c.
1287 378 1345 432 ssa.

139 455 320 507 censerent:
344 445 546 529 civitatesque
560 443 749 527 complures,
765 467 804 508 eo
825 446 943 508 nuncio
958 445 1079 521 audito,
1095 442 1342 510 indam-1⁷⁰·

136 524 289 591 ditionem
311 543 475 594 venerunt.
500 530 613 613 quibas
632 532 840 612 purgantibus
862 551 938 608 sese,
954 530 1143 616 culpamque
1163 531 1199 596 in

136 610 273 675 duorum
300 617 468 677 amentiam
503 613 746 690 conferentibus,
768 617 822 699 qui
845 637 877 677 se
899 618 984 678 ultro
1006 616 1044 678 ad
1066 636 1198 698 poenam

135 689 197 777 ipsi
218 698 414 772 obtulissent,
438 721 535 784 quum
565 698 686 761 reniam
709 698 844 763 dedisset
868 714 1006 783 praetor3
1038 698 1198 783 proiectus

135 785 297 868 extemplo
318 784 357 845 ad
381 785 456 847 alias
479 784 628 858 civitates,
653 784 800 845 omuibus
821 786 974 867 imperata
997 784 1195 861 facientibus,

135 865 246 948 quieto
267 869 405 930 exercitu
431 881 577 952 pacatum
608 887 730 954 agrum,
754 869 810 952 qui
833 869 939 951 paullo
971 881 1045 932 ante
1074 868 1196 954 ingenti

134 951 276 1013 tumultu
304 969 430 1028 arserat,
460 953 648 1037 peragravit.
702 953 787 1015 Haec
812 952 923 1017 lenitas
947 954 1101 1037 praetoris,
1133 976 1197 1052 qua

135 1035 205 1098 siue
233 1038 385 1122 sanguine
413 1038 633 1101 ferocissimam
659 1047 786 1121 gentem
812 1038 988 1114 domuerat,
1015 1060 1054 1101 eo
1075 1051 1196 1123 gratior

158 1118 221 1183 lebi
245 1120 453 1207 Patribusque
474 1121 544 1198 fuit,
560 1144 624 1207 quo
639 1121 796 1185 crudelius
810 1125 997 1207 avariusque
1016 1123 1049 1185 in
1067 1123 1195 1186 Gracia

177 1204 297 1280 ilatum,
325 1217 356 1268 et
381 1210 421 1270 ab
447 1207 574 1271 consule
600 1207 722 1270 Licinio
749 1220 780 1270 et
805 1206 845 1270 ab
869 1207 1019 1270 Lucretio
1067 1219 1192 1283 restore,

133 1302 213 1353 erat.
258 1290 441 1355 Lucretium
464 1292 582 1355 tribuni
603 1291 704 1374 plebis
722 1290 882 1354 absentem
897 1229 1101 1355 concionibus
1117 1293 1232 1355 assi-ra
1244 1308 1333 1355 Lucre·

133 1374 205 1438 duis
226 1375 417 1449 lacerabant,
432 1399 529 1461 quum
554 1375 735 1459 reipublicae
761 1398 871 1439 caussa
895 1377 1002 1438 abesse
1026 1374 1342 1481 excusare-ffummlflss·

132 1471 206 1524 tur:
228 1459 365 1524 sedtum
387 1463 466 1524 adeo
487 1462 590 1524 vicina
611 1461 706 1524 etiam
731 1460 928 1544 inexplorata
947 1475 1046 1537 erant,
1063 1477 1099 1524 ut
1113 1465 1139 1525 is
1154 1450 1252 1543 sapin
1281 1449 1293 1479 ¹
1323 1449 1342 1480 ¹‘

133 1558 277 1628 tempore
287 1545 320 1607 in
332 1568 411 1630 agro
422 1568 479 1609 suo
493 1547 613 1609 Antiati
625 1558 900 1630 esset,aquamque
909 1568 949 1609 ex
959 1546 1193 1610 manubiisAn·

133 1629 214 1692 tium
235 1652 276 1693 ex
300 1630 430 1694 flumine
450 1631 616 1695 Loracinae
636 1629 774 1693 duceret.
819 1631 857 1695 Id
873 1653 952 1716 opus
967 1635 1122 1695 ”centum
1138 1632 1193 1694 tri·

132 1715 221 1800 ginta
237 1714 375 1778 millibus
389 1716 460 1778 aeris
474 1716 592 1782 locasse
614 1715 738 1778 dicitur.
761 1716 874 1779 tabulis
894 1739 1020 1802 quoque
1038 1716 1131 1798 pictis
1152 1736 1193 1776 ex

131 1799 241 1883 praeda
266 1798 372 1862 farrum
399 1800 572 1885 AEsculapii
601 1802 775 1864 exornavit.
833 1802 987 1865 Invidiam
1015 1798 1192 1861 infamiam·

130 1905 196 1968 que
220 1885 259 1947 ab
283 1884 432 1950 Lucretio
455 1900 633 1949 averterunt
657 1890 674 1920 ¹⁴
686 1886 718 1948 in
747 1886 956 1950 Hortensium
980 1904 1190 1949 successorem

130 1970 201 2053 ejus
215 1969 376 2036 Abderita
390 1972 494 2058 legati,
509 1971 619 2036 flentes
640 1984 713 2036 ante
734 1973 868 2052 curiam,
883 1981 1119 2057 querentesque,
1136 1978 1325 2052 opi-Abderita·

124 2055 235 2136 pidum
263 2077 344 2120 uam
372 2057 412 2119 ab
439 2059 610 2121 Hortensio
643 2068 846 2140 eaprsgnatum
875 2079 912 2120 ac
940 2059 1090 2139 direptum
1119 2052 1349 2151 essessngffi‘gr‘j

131 2141 279 2204 Carcasum
303 2143 413 2204 excidii
421 2143 526 2225 juisse
546 2142 625 2218 urbi,
641 2144 730 2223 qaod,
746 2164 835 2225 quum
850 2144 991 2205 “centum
1013 2142 1114 2203 millia
1136 2142 1284 2214 ‹Ie-„m

127 2225 252 2287 nariiar
281 2235 311 2286 et
340 2228 360 2259 ¹⁸
369 2227 464 2290 tritici
491 2227 717 2310 quinquaginta
740 2229 843 2288 millia
864 2228 995 2288 modirim
1020 2229 1190 2304 imperaret,

126 2310 295 2388 ”spatium
306 2311 467 2389 petierunt,
484 2331 541 2392 quo
556 2313 593 2370 de
607 2331 642 2369 eu
657 2330 689 2369 re
704 2318 732 2369 et
751 2311 794 2368 ud
805 2310 971 2370 Hostilium
993 2311 1148 2381 consulem,
1164 2318 1193 2369 et

123 2392 265 2459 Romam
279 2396 429 2455 mitterent
444 2396 568 2475 legatos.
610 2391 638 2451 V
637 2393 741 2450 isdum
754 2394 797 2450 ad
810 2393 957 2451 consulem
972 2413 1003 2453 se
1014 2393 1193 2469 pervenisse,

124 2488 159 2543 et
175 2478 299 2539 audisse
312 2477 455 2559 oppidum
469 2481 682 2555 expugnatum,
697 2472 848 2551 principes
861 2476 956 2534 securi
966 2493 1127 2552 permissos,
1143 2473 1196 2535 sub

128 2582 242 2626 corona
256 2571 368 2624 ceteros
382 2561 504 2623 ventsse.
551 2565 570 2594 ¹⁸
581 2554 718 2640 Indigna
729 2556 850 2618 senatui
867 2555 949 2618 visa:
971 2557 1194 2620 decreverunt·

49 2678 61 2701 ·
129 2668 195 2732 que
223 2646 332 2709 eadem
365 2644 406 2709 de
426 2641 598 2716 Abderitis,
622 2662 693 2725 quae
724 2640 765 2703 de
795 2640 958 2703 Coronaeis
989 2642 1193 2715 decreverant

129 2731 237 2815 priore
251 2752 350 2804 anu03
373 2728 546 2812 eademque
563 2748 621 2809 pro
642 2727 794 2789 concione
809 2724 929 2789 edicere
946 2726 1014 2801 ¹⁹Q.
1033 2727 1190 2793 Martium

128 2829 297 2899 praetorem
308 2816 478 2899 jusserunt.
524 2812 566 2876 Et
579 2812 671 2896 legati
687 2810 764 2885 duo,
781 2810 818 2875 C.
835 2813 1039 2895 Sempronius
1055 2813 1189 2891 Blaesus,

130 2903 207 2965 sex.
223 2900 328 2963 Julius
343 2900 460 2974 Caesar,
477 2896 517 2961 ad
539 2897 749 2960 restituendos
772 2899 805 2959 in
827 2895 1003 2961 libertatem
1021 2897 1191 2962 Abderitas

129 2984 229 3047 missi.
273 2984 387 3048 lisdem
410 2984 604 3057 mandatum,
626 2993 663 3044 ut
683 2995 715 3045 et
738 2980 879 3044 Hostilio
899 2980 1021 3044 consuli
1043 2995 1074 3043 et
1101 2982 1191 3044 Hor·

128 3069 232 3135 tensio
248 3069 380 3152 praetori
395 3068 591 3138 nunciarent,
606 3079 747 3128 senatum
764 3065 925 3127 Abderitis
947 3068 1097 3151 injustum
1124 3067 1192 3128 bel·

126 3154 197 3218 lum
221 3154 361 3231 inlatum,
384 3150 591 3236 conquirique
611 3171 732 3226 omnes,
756 3151 811 3234 qui
834 3152 866 3212 in
889 3153 1039 3215 servitute
1061 3152 1134 3230 sint,
1160 3161 1192 3214 et

20 3280 31 3305 .
127 3238 254 3302 restitui
270 3238 301 3299 ia
316 3236 503 3314 libertatem,
517 3255 643 3320 aequam
658 3255 795 3297 censere.

174 3322 217 3387 V.
232 3320 354 3387 Eodem
369 3334 511 3405 tempore
525 3319 565 3383 dc
580 3319 616 3382 C.
634 3318 753 3395 Cassio,
770 3320 824 3405 qui
847 3322 957 3382 consul
980 3321 1086 3403 priore
1105 3342 1191 3385 anno

20 3426 21 3439 ¹
125 3406 239 3486 suerat,
254 3419 321 3472 tum
339 3407 482 3471 tribunus
504 3404 640 3471 militum
662 3403 695 3466 iu
718 3404 909 3468 Macedonia
930 3425 1002 3467 cum
1019 3406 1058 3468 A.
1078 3405 1191 3470 Hosti-

163 3571 195 3619 18
218 3573 316 3620 Certum
337 3574 436 3633 afflatu
454 3572 555 3618 mattae
575 3569 641 3632 aris]
674 3570 886 3629 nariusprticrlrrt.

123 3636 232 3683 Anius·
244 3636 346 3685 130000.
358 3638 439 3691 idest,
450 3637 539 3687 marcis
549 3633 643 3694 argenti
708 3633 739 3680 ls
756 3633 859 3692 larigna
874 3633 962 3679 senatrd
978 3632 1039 3695 visa]
1057 3632 1121 3695 Lege
1133 3647 1190 3681 cum

124 3701 276 3746 amantibus
287 3701 380 3746 circiter
390 3700 442 3748 127.
676 3698 761 3741 ecdem
781 3697 819 3741 vel
839 3696 941 3756 indigna
959 3711 995 3743 rer
1015 3701 1105 3744 renutat
1124 3700 1190 3748 aliar

164 3762 197 3809 14
212 3762 243 3807 Ia
251 3762 402 3808 Hortensium
410 3760 568 3823 mosaicorum]
581 3759 646 3805 Hinc
679 3761 725 3812 rel,
737 3758 841 3819 Indigna
852 3773 878 3805 ea
889 3762 977 3807 mutui
989 3762 1044 3806 utra

122 3834 228 3888 apparet
240 3825 397 3872 Hortensium
414 3828 460 3872 hoe
479 3839 544 3871 anna
558 3830 647 3883 praeto·
712 3820 917 3876 lemmatum
931 3824 1066 3898 praeturas]
1085 3824 1133 3869 ilic
1149 3823 1192 3867 ha·

124 3903 180 3936 rem
188 3889 273 3941 tuisse.
285 3897 309 3935 et
320 3890 420 3935 clasem
431 3903 488 3936 eum
497 3901 538 3933 ora
546 3887 647 3933 Gracia
679 3887 764 3932 bemus
775 3886 872 3931 alterius
883 3888 961 3934 adhuc
968 3896 1077 3947 praetons
1084 3898 1190 3931 nomena
1242 3919 1250 3935 .

122 3950 252 3999 minuma
263 3953 375 3998 sortitum
387 3966 444 3998 esse.
677 3950 716 3997 eui
731 3946 924 4011 jurisdictionem
944 3952 1058 4010 obtigisse
1076 3953 1143 4005 patet
1161 3959 1191 3991 ex

164 4015 194 4062 15
212 4017 312 4062 Centum
328 4014 403 4061 millia
420 4012 557 4075 morisim]
580 4012 646 4059 Mar·
677 4027 706 4061 eo
716 4014 780 4072 quod
792 4027 856 4059 nunc
872 4028 967 4074 quaque
978 4014 1004 4058 in
1016 4013 1074 4057 urbe
1085 4008 1133 4079 sitr
1151 4022 1192 4068 pe.

125 4093 170 4127 ces
181 4080 276 4139 argenti
289 4078 357 4125 1562.
370 4078 454 4125 uncias
464 4076 486 4122 4.
672 4076 807 4137 reprimam,
819 4090 849 4122 ex
861 4077 966 4135 eoquod
981 4075 1072 4130 collega
1087 4082 1139 4131 eJus
1155 4072 1191 4119 M.

165 4142 194 4189 lo
214 4141 299 4187 Tritici
320 4142 487 4202 quinquaginta
506 4139 580 4184 millia
599 4152 646 4185 mo·
678 4134 1207 4196 seruataque.11.eaagaiquaeaupm.·

125 4204 208 4266 dun}
227 4205 323 4251 Medios
335 4203 481 4251 Peristeases
497 4204 547 4249 sere
557 4202 645 4249 38542.
678 4205 736 4249 toris
747 4203 833 4250 urbani
845 4199 951 4247 officium
962 4196 1120 4257 pertinebum.

163 4268 321 4330 trapsilam
333 4267 464 4330 petierunt]
481 4266 568 4314 araret
588 4269 647 4314 Gro-
