2942 4750
282 242 323 304 ΨΘ
671 232 777 293 sm
802 229 934 290 mvn

122 400 548 487 nominassemus
577 396 618 460 ab
647 393 787 478 Neapoli
817 394 987 478 probetne,
1011 403 1162 477 superato
1189 391 1283 468 freto,
1304 392 1357 458 dis

123 481 192 531 Μ·
205 480 260 529 ¹7¹·
285 487 399 574 quinto
413 488 449 551 in
464 480 703 567 Cephalleniam
718 479 901 545 transmisit.
947 479 997 543 lbi
1019 479 1104 542 stetit
1125 477 1244 554 classis,
1259 477 1355 543 simul

285 573 465 658 opperiens,
487 581 524 631 ut
545 579 708 630 terrestres
728 568 831 648 copias
851 566 1081 650 trajicerentur,
1098 564 1205 644 simul,
1221 575 1257 627 ut
1278 585 1359 627 oue

286 661 387 733 melsa,
416 678 457 719 ex
485 653 613 739 agmine
642 674 702 715 suo
725 673 783 736 per
804 651 903 715 altum
929 650 1356 735 dissipata,00useque1ea-

287 756 352 807 tur.
567 774 571 779 ·

123 831 234 879 malua
328 822 455 889 XLIX.
480 822 543 888 Per
565 821 624 886 bos
648 820 731 885 forte
751 821 815 885 dies
839 822 877 885 P.
901 821 1044 885 Licinius
1066 817 1189 894 consul,
1218 820 1300 883 votis
1321 819 1357 883 iu

122 895 259 1007 &affl
288 908 449 993 Capitolio
462 908 665 993 nuncupatis,
681 907 849 992 paludatus
863 907 904 970 ab
919 907 997 971 urbs
1011 905 1171 990 profectus
1184 917 1241 968 est.
1266 906 1358 969 Sem·

123 1021 237 1070 mm.
286 1015 343 1081 per
357 993 485 1079 quidem
501 1017 541 1059 ea
558 1014 608 1056 res
630 1015 702 1057 oum
726 1014 843 1077 magna
863 993 1018 1079 dignitate
1040 1014 1076 1054 sc
1097 992 1258 1075 majestate
1271 992 1357 1075 geri.

123 1086 198 1134 ”¹²⁰²-
286 1093 357 1147 tur:
380 1081 543 1166 principue
559 1091 664 1143 tamen
679 1079 836 1141 convertit
856 1082 966 1141 oculos
988 1079 1094 1140 auimo
1133 1098 1182 1152 ue,
1199 1097 1299 1161 quum
1314 1075 1357 1140 ad

284 1187 438 1253 magnum
453 1164 665 1251 nobilemque,
681 1177 738 1227 aut
758 1164 877 1229 virtute
899 1177 955 1226 aut
971 1100 1261 1239 fortunalllrostem,
1275 1183 1357 1224 erm·

285 1263 350 1316 tem
371 1250 534 1315 consulem
556 1261 800 1336 prosequuntur.
845 1248 1017 1312 Contrahit
1038 1250 1123 1310 euim
1147 1270 1211 1310 non
1227 1246 1355 1311 “officii

284 1332 383 1400 modo
398 1358 486 1417 cura,
502 1337 556 1400 sed
577 1337 671 1400 etiam
689 1333 836 1409 studium,
847 1333 1027 1415 spectaculi,
1045 1348 1080 1396 ut
1095 1332 1223 1395 videant
1240 1332 1357 1397 ducem

285 1439 390 1498 suum,
420 1420 510 1508 cujus
531 1423 667 1506 imperio
692 1420 889 1505 consilioque
918 1423 1102 1482 ”summam
1125 1417 1356 1501 rempublicam

285 1509 438 1572 tuendam
455 1509 674 1590 permiserunt.
720 1505 814 1570 Subit
836 1506 948 1573 deinde
963 1505 1114 1589 cogitatio
1129 1504 1285 1582 animum,
1299 1501 1356 1587 qui

285 1590 362 1657 belli
382 1615 482 1668 casus,
508 1612 604 1676 quam
625 1594 766 1655 incertus
787 1591 924 1654 fortunae
952 1604 1092 1666 eventus,
1115 1592 1357 1672 communiaque

286 1678 379 1743 Mars
401 1676 476 1745 belli
498 1678 558 1740 sits
581 1676 722 1753 adversa,
739 1677 886 1751 secunda,
903 1698 1039 1761 quaeque
1059 1674 1183 1741 inscitia
1205 1687 1237 1736 et
1259 1688 1357 1738 teme·

286 1766 380 1829 ritate
393 1763 510 1827 ducum
526 1761 631 1825 clades
645 1783 731 1843 saepe
745 1760 938 1839 acciderio13
961 1785 1033 1846 quae
1049 1776 1159 1824 contra
1179 1760 1264 1823 bona
1277 1779 1357 1842 pru·

285 1848 396 1914 dentis
424 1861 456 1913 at
476 1847 575 1912 virtus
597 1846 757 1911 adtulerit.
801 1846 907 1921 Quem
931 1848 1011 1908 scire
1033 1846 1226 1919 mortalium,
1253 1843 1358 1909 utrius

284 1937 410 2009 mentis,
426 1928 527 1998 uiridi
541 1932 678 1996 fortunae
691 1930 854 1995 consulem
869 1932 908 1994 ad
931 1930 1049 1993 bellum
1068 1928 1220 1995 mittant?
1243 1930 1358 1993 trium·

284 2016 480 2164 phantemne
503 2040 578 2081 mox
600 2039 673 2080 cum
696 2015 836 2080 exercitu
859 2016 978 2078 victore
997 2013 1201 2077 scandentem
1225 2013 1359 2098 Capito-

298 2100 364 2163 ium
386 2100 428 2165 ad
449 2102 576 2173 eosdem
599 2101 698 2177 Deos,
729 2123 749 2162 a
778 2101 892 2184 quibus
913 2100 1141 2184 proficiscatur,
1165 2098 1282 2174 visuri3
1314 2120 1358 2163 aa

284 2184 429 2251 hostibus
458 2209 527 2251 eam
555 2186 723 2271 proebituri
749 2186 891 2249 laetitiam
915 2183 1001 2247 sint?
1037 2183 1124 2248 Persi
1145 2194 1252 2245 autem
1274 2184 1358 2270 regi,

283 2271 434 2338 adversus
463 2294 558 2359 quem
581 2274 697 2350 ibatur,
722 2274 839 2335 famam
869 2283 900 2334 et
919 2270 1005 2334 bello
1030 2269 1117 2333 clara
1137 2266 1357 2333 Macedonum

268 2372 371 2448 'genn
388 2371 420 2423 et
437 2359 604 2444 Philippus
616 2371 718 2443 pater,
733 2357 817 2420 inter
831 2360 932 2421 multa
943 2375 1093 2440 prospere
1104 2366 1195 2441 gesta
1208 2353 1356 2419 Romano

282 2445 378 2509 etlam
400 2446 587 2509 nobilitatus
608 2444 701 2520 bello,
718 2441 902 2528 praebebat3
925 2456 994 2507 tum
1016 2441 1115 2525 ipsius
1138 2439 1246 2504 Persei
1260 2461 1355 2506 nutu·

283 2551 390 2632 quam,
415 2554 456 2594 ex
479 2554 545 2614 quo
569 2552 702 2614 regnum
726 2529 907 2610 accepisset,
932 2529 1068 2592 ‹lesitum
1090 2525 1166 2592 belli
1188 2539 1354 2609 exspecta·

282 2626 371 2677 tione
399 2614 552 2692 celebrari
580 2633 709 2674 nornen.
749 2634 822 2672 curn
856 2614 904 2672 liis
941 2610 1188 2696 cogitationibus
1210 2609 1355 2674 omnium
1432 2675 1440 2698 ,

283 2697 436 2760 ordinum
455 2696 602 2757 homines
623 2694 878 2777 proficiscentem
901 2695 1065 2758 consulem
1086 2696 1244 2778 prosecuti
1266 2707 1353 2760 suut.

282 2781 363 2846 Duo
377 2781 557 2848 consulares
572 2776 689 2840 tribuni
710 2776 845 2839 militum
862 2800 936 2840 cum
957 2801 997 2842 eo
1015 2780 1111 2858 missi,
1130 2780 1168 2844 C.
1187 2779 1353 2857 Claudius,

284 2865 328 2940 Q.
351 2863 502 2937 Mucius3
529 2874 561 2926 et
582 2874 644 2924 tres
666 2860 815 2923 inlustres
832 2862 975 2945 juvenes,
999 2865 1038 2929 P.
1055 2864 1222 2941 Lentulus,
1239 2879 1272 2929 et
1284 2865 1354 2932 duo

283 2947 401 3014 Manlii
422 2948 559 3013 Acidini.
588 2945 669 3012 alter
693 2945 776 3009 ⁶⁸M.
799 2946 925 3024 Manlii,
948 2949 1027 3014 alter
1057 2951 1097 3014 L.
1128 2950 1244 3014 Manlii
1269 2949 1355 3016 filius

282 3048 359 3101 erat.
406 3034 490 3098 Cum
502 3033 540 3096 iis
555 3031 664 3096 consul
682 3031 888 3096 Brundisium
904 3034 945 3097 ad
958 3036 1142 3112 exercitum,
1154 3049 1250 3116 atque
1264 3035 1353 3117 inde,

282 3143 356 3185 cum
372 3118 521 3182 omnibus
534 3118 635 3202 copiis
649 3128 854 3195 transvectus,
870 3119 910 3183 ad
929 3121 1146 3205 Nymphaeum
1170 3122 1203 3183 iu
1217 3120 1354 3205 Apollo·

281 3205 360 3268 niati
375 3225 453 3285 agro
467 3204 574 3286 posuit
588 3215 700 3267 castra.

325 3288 366 3352 L.
398 3287 521 3352 Paucos
542 3300 616 3353 ante
636 3288 703 3352 dies
721 3288 864 3365 Perseus,
881 3301 1048 3375 postquam
1063 3289 1169 3375 legati,
1185 3291 1227 3354 sb
1244 3290 1353 3358 Roma

281 3373 427 3460 regressi,
455 3373 666 3457 praeciderant
695 3394 783 3459 spem
811 3375 907 3456 pacis,
933 3375 1101 3438 consilium
1131 3375 1254 3440 babuit.
1282 3377 1354 3442 ¹Ibi

281 3459 507 3544 “aliquamdiu
529 3461 659 3525 disemis
680 3459 845 3524 sententiis
867 3472 1019 3523 certatum
1042 3473 1098 3525 est.
1144 3460 1256 3538 Erant,
1280 3465 1353 3548 qui·

281 3543 341 3608 bus
369 3547 418 3608 rel
445 3546 634 3628 stipendium
660 3543 875 3630 pendendum,
899 3545 925 3607 si
947 3547 1177 3632 injungeretur,
1202 3547 1252 3611 vel
1279 3551 1352 3635 agri

280 3642 371 3713 parte
385 3629 571 3711 cedendum,
586 3633 612 3694 si
627 3630 812 3703 multarent3
836 3628 992 3716 quidquid
1009 3632 1146 3717 denique
1161 3633 1247 3700 aliud
1262 3636 1353 3717 pacis

280 3735 391 3778 caussa
419 3714 604 3798 patiendum
634 3729 723 3792 esset,
753 3736 818 3778 non
848 3716 1059 3780 recusandum
1089 3717 1260 3794 videretur,
1289 3742 1351 3785 nec

280 3798 554 3878 committendum,
570 3814 607 3865 ut
627 3802 661 3864 iu
684 3801 785 3864 aleam
808 3801 887 3864 tanti
910 3823 999 3865 casus
1020 3826 1053 3866 sc
1072 3821 1271 3890 regnumque
1291 3806 1352 3884 da-⁴

312 3945 344 3994 56
361 3944 449 4007 ΟΜ]
462 3944 568 3994 Privati:
587 3945 728 4005 'utculque
738 3960 795 3994 cum
859 3945 891 3992 58
907 3946 1234 4058 MMcnls'lEAtquisupr-a,
1245 3952 1261 3995 l.
1271 3949 1349 4000 Vl.c.

279 4011 361 4071 eoqm
372 4009 529 4071 proficiscitur
536 4011 650 4069 privatim
658 4016 701 4055 aut
712 4011 795 4057 analei-
827 4010 865 4056 20.
879 4012 1024 4058 memoravit
1064 4013 1127 4058 ivius
1147 4015 1228 4072 gentis
1244 4013 1351 4063 Manlioe

279 4072 322 4127 lia,
337 4081 380 4120 aut
396 4073 516 4135 cognatio,
533 4079 576 4119 aut
591 4074 639 4120 slis
654 4074 737 4136 aliqua
753 4087 794 4119 ne-
825 4073 921 4119 decreto
938 4082 1038 4122 cautum
1058 4089 1119 4129 esse,
1140 4090 1171 4121 ne
1188 4078 1243 4137 quis
1260 4078 1351 4126 deinde

277 4137 451 4185 cessitudoest.
825 4136 865 4182 M.
875 4136 984 4184 Manlius
996 4145 1127 4185 sumretur.
1162 4141 1249 4202 ltaque
1262 4143 1351 4188 hierl-

308 4194 341 4242 st
357 4200 478 4249 Samnium
496 4201 657 4263 rempublicam
691 4197 725 4246 Et
742 4198 790 4255 hic,
824 4200 971 4247 tiumestin
984 4203 1141 4261 praenomine.

276 4262 481 4318 quemadmodum
500 4278 582 4325 supra,
598 4279 619 4311 c.
687 4264 792 4311 iurene
856 4263 1054 4323 tsAttquomdta
1074 4264 1183 4327 dirersis]
1211 4266 1251 4314 Sic
1278 4276 1347 4319 reeta

275 4323 432 4374 melitera
441 4325 517 4375 RB.
529 4328 616 4391 proli.
628 4327 660 4378 P·
823 4327 1216 4392 stgonimproauquamuvmta
