2942 4750
276 175 333 230 15⁰
671 167 778 228 TlTl
804 167 939 229 Livii

114 349 144 394 u.
155 348 182 395 c.
194 346 249 395 tan
273 334 470 420 provinciam
486 339 654 409 venerant;
677 332 788 397 consul
803 331 951 396 AEmllius
973 332 1006 395 in
1024 329 1260 411 Macedoniam,
1277 332 1350 398 Oc·

112 413 249 462 “⁴¹⁶⁸
275 421 376 486 tarius
390 420 514 485 Oreum
539 420 580 484 ad
603 422 745 497 classem,
763 418 896 483 Anicius
912 419 946 482 in
962 418 1136 505 illyricum,
1151 419 1204 484 cui
1280 427 1360 508 ..tie

115 513 197 559 centu
207 527 248 574 se·
276 508 353 572 dum
369 505 519 571 adversus
535 506 702 571 Gentium.
749 505 844 569 Patre
859 504 1010 569 Pleurato
1024 527 1099 591 rege
1114 462 1349 589 lllyriorumitt

115 578 266 625 '‘mm'‘
275 605 377 658 matre
391 592 553 677 Eurydica
573 593 699 692 genitus
719 590 830 655 fratres
851 592 940 668 duos,
958 591 1119 655 Platorem
1135 604 1270 677 utroque
1309 614 1347 655 a·

275 693 377 759 rente,
412 678 639 742 Caravantium
671 690 772 741 matre
804 675 913 741 eadem
948 689 1067 756 natum,
1097 675 1221 741 habuit.
1302 699 1348 741 oc

276 777 409 850 propter
430 764 660 851 ignobilitatem
683 777 848 847 paternam
877 764 981 827 minus
1002 776 1158 847 suspecto,
1184 763 1348 827 Platorem

276 851 392 915 occidit
406 862 438 914 et
451 852 532 914 duos
547 850 663 915 amicos
678 852 757 934 ejus,
774 849 929 914 Ettritum
950 862 981 912 et
997 850 1183 932 Epicadum,
1198 849 1348 934 inpigros

277 938 372 1016 viros,
395 958 460 1024 quo
482 937 581 1000 tutius
603 947 760 1023 regnaret.
806 935 904 999 Fama
923 934 993 1010 fuit,
1019 934 1152 999 Honuni
1174 935 1347 999 Dardano·

277 1045 350 1088 rum
382 1023 536 1107 principis
568 1022 666 1085 filiam
691 1020 820 1084 Etutam
847 1033 941 1104 pacto
962 1021 1052 1084 fratri
1081 1042 1155 1084 eum
1183 1020 1346 1099 invidisse,

278 1123 438 1195 tamquam
464 1109 514 1172 his
533 1108 653 1193 nuptiis
673 1107 861 1192 adjungenti
881 1107 940 1170 sibi
961 1107 1187 1171 Dardanorum
1203 1118 1346 1190 gentem.

277 1208 309 1259 et
333 1195 466 1258 similius
492 1195 524 1258 id
551 1216 626 1258 vero
641 1194 714 1256 lecit
735 1192 832 1256 ducta
846 1215 884 1255 aa
899 1195 998 1278 virgo,
1016 1192 1142 1257 Platore
1167 1191 1349 1257 interfecto.

278 1281 390 1345 Gravis
405 1280 529 1361 deinde,
544 1280 651 1343 demto
664 1278 773 1343 fratris
794 1294 893 1353 metu,
909 1278 1117 1362 popularibus
1138 1299 1205 1341 esse
1225 1279 1346 1362 coepitt

276 1379 309 1429 et
331 1366 512 1430 violentiam
541 1367 664 1429 insitam
687 1364 817 1452 ingenio
839 1366 1082 1448 intemperantia
1103 1366 1168 1427 viai
1190 1363 1347 1428 accende-

276 1452 340 1516 bat.
386 1453 546 1527 Ceterum,
563 1452 643 1516 sicut
657 1464 731 1516 ante
751 1450 872 1514 dictum
895 1461 954 1526 est,
970 1451 1009 1513 ad
1028 1451 1209 1514 Romanum
1232 1451 1347 1514 incita·

276 1550 327 1601 tus
342 1537 472 1614 bellum,
490 1533 615 1602 Lissum
632 1559 743 1602 omnes
758 1538 866 1621 copias
886 1537 1054 1601 contraxit.
1077 1535 1256 1620 quindecim
1271 1536 1347 1599 mil-

276 1624 320 1689 lia
349 1636 543 1687 armatorum
572 1622 710 1687 fuerunt.
756 1622 848 1702 Inde,
868 1621 962 1686 fratre
983 1623 1017 1686 in
1039 1622 1243 1686 “Caviorum
1265 1643 1347 1708 gen·

278 1724 354 1790 tem,
376 1712 408 1773 vi
435 1722 490 1772 aut
517 1721 637 1772 terrore
665 1708 882 1795 subigendam,
912 1730 984 1771 cum
1016 1708 1099 1771 mille
1128 1708 1287 1793 peditibus
1312 1721 1349 1773 et

278 1797 510 1883 qninquaginta
534 1793 692 1879 equitibus
721 1796 826 1868 misso,
857 1796 924 1879 ipse
949 1793 991 1857 ad
1018 1794 1202 1858 Bassaniam
1231 1794 1346 1858 urbem

278 1883 418 1967 quinque
444 1880 544 1944 millia
566 1880 606 1944 ab
630 1881 721 1944 Lisso
746 1880 844 1944 ducit.
891 1881 976 1944 Socii
1000 1894 1089 1962 erant
1112 1881 1345 1944 Romanorum.

279 1968 386 2051 itaque
410 1989 468 2050 per
492 1969 602 2043 missos
628 1968 763 2031 nuncios
785 1967 872 2051 prius
897 1966 1020 2043 tentati,
1046 1966 1244 2030 obsidionem
1265 1966 1345 2048 pati,

279 2074 374 2138 quam
412 2052 527 2116 dedere
565 2075 640 2130 sese,
672 2054 863 2117 maluerunt.
909 2052 1133 2116 Caravantium
1165 2052 1197 2115 in
1238 2051 1348 2116 Caviis
1430 2051 1435 2058 ’

279 2138 475 2202 ”Durnium
502 2139 656 2223 oppidum
681 2139 901 2203 advenientem
926 2138 1063 2225 benigne
1084 2137 1222 2221 accepit:
1247 2137 1349 2201 Cara·

279 2225 382 2287 santis
403 2223 502 2288 altera
525 2224 599 2288 urbs
621 2224 767 2290 exclusit.
799 2237 841 2301 et,
864 2245 962 2309 quum
993 2246 1086 2310 agros
1115 2245 1225 2287 eorum
1246 2222 1349 2287 effuse

278 2322 425 2389 uastaret,
443 2310 562 2398 aliquot
576 2313 674 2397 palati
689 2310 804 2374 milites
822 2310 991 2398 agrestium
1014 2329 1171 2374 concursu
1187 2309 1350 2375 interlecti

279 2410 363 2464 sunt.
407 2398 479 2461 Jam
502 2412 534 2463 et
556 2401 621 2484 Ap.
638 2398 802 2478 Claudius,
824 2398 976 2462 adsumtis
998 2396 1038 2460 ad
1061 2419 1134 2460 eum
1158 2396 1347 2474 exercitum,

279 2506 372 2569 quem
396 2485 542 2561 habebat,
565 2492 586 2522 ⁶⁶
600 2483 813 2562 Bullinorum,
836 2496 867 2548 et
890 2482 1153 2566 Apolloniatium,
1169 2495 1201 2546 et
1221 2482 1349 2568 Dyrra·

278 2569 445 2634 chinorum
462 2572 597 2645 auxiliis,
614 2569 774 2653 profectus
796 2590 838 2632 ex
859 2569 1012 2643 hibernis,
1027 2570 1048 2603 ‘⁷
1059 2569 1143 2632 circa
1158 2569 1350 2632 Genusuum

280 2694 313 2741 tio
324 2696 415 2741 mensis
426 2696 516 2754 Aprilis
527 2693 649 2751 profectus
661 2686 798 2736 eraiAEmi-
829 2691 932 2750 repsisse
949 2697 1064 2750 ptrtat,et
1080 2705 1124 2751 pro
1146 2690 1229 2737 Nonus
1245 2690 1350 2752 Septem-
1403 2683 1416 2706 ⁶

279 2756 798 2835 liuszsuprac.22-9uomodoigiturveris
829 2754 879 2799 lires
903 2754 1042 2830 legendum·
1061 2770 1113 2830 esse
1136 2754 1220 2801 Nonas
1240 2755 1349 2832 Sextiles.

279 2836 438 2932 nain
455 2819 798 2880 Μ
830 2817 1353 2942 isrnlnnnnrcaniai:

279 2950 379 2995 mebant
394 2955 487 2995 veteres
503 2962 518 2993 a
533 2947 571 2991 die
589 2946 611 2991 7.
624 2946 661 2989 rel
678 2945 700 2991 8.
718 2946 760 2993 vel
774 2946 797 2991 9.
829 2946 870 3004 pio
882 2952 965 2993 tamen
977 2948 1040 2992 veris
1051 2948 1076 2993 in
1088 2948 1237 3007 provincirrrn
1249 2947 1352 2995 venerit.

281 3011 412 3060 Februarii.
441 3011 565 3057 Nimirum
573 3010 613 3054 hic
621 3016 798 3068 annusetproe-
831 3010 870 3056 Ex
890 3010 1004 3057 Bullialdi
1025 3013 1152 3066 manua,
1174 3012 1227 3071 lpso
1250 3011 1354 3060 ineunte

280 3078 392 3123 cadentes
402 3076 494 3141 aliquot
506 3074 574 3119 valde
585 3073 662 3119 iurati
678 3073 800 3121 sueranta
833 3088 898 3129 vere,
917 3082 946 3121 ut
963 3084 1018 3121 turn
1036 3077 1205 3128 numerabant,
1216 3076 1242 3120 in
1254 3077 1355 3135 provin-

281 3140 399 3187 Romanis
422 3138 583 3197 pontificibus,
604 3145 632 3182 ut
654 3145 748 3184 constat
769 3153 800 3185 ex
832 3138 895 3184 ciam
907 3140 1018 3195 venerim
1036 3153 1067 3186 ex
1082 3138 1210 3194 Dodwelli‚
1227 3140 1297 3186 initio
1313 3152 1354 3186 se·

281 3203 338 3247 solis
357 3204 463 3254 ddectu,
480 3203 510 3246 de
526 3215 574 3260 quo
590 3202 682 3248 mentio
699 3204 725 3248 fit
736 3203 800 3250 inira
832 3204 904 3249 cundi
914 3203 1003 3249 mensis
1016 3203 1089 3249 verni.

281 3264 354 3311 c8‘l.
387 3265 508 3311 llleeairu
520 3266 799 3315 referturaLivioina.
866 3266 898 3313 64
915 3267 1053 3328 Caviorum]
1072 3268 1126 3314 Hoc
1145 3280 1233 3314 nornen
1250 3280 1352 3328 corrup-
1421 3277 1430 3296 ·
1455 3278 1463 3299 ·

281 3328 306 3375 d,
323 3326 372 3373 111.
395 3327 478 3405 lionae
493 3330 747 3407 Septembreauquum
763 3346 800 3378 re·
833 3339 887 3378 tum
903 3344 955 3376 esse
970 3337 1052 3406 censet
1063 3331 1200 3385 'lirrnebun
1212 3346 1240 3379 ac
1253 3327 1464 3417 legijuaaN

281 3405 339 3437 vers
349 3400 477 3452 castigent
494 3395 533 3440 dre
550 3393 589 3440 ²1.
601 3394 669 3440 Junn
686 3409 743 3441 annr
754 3396 800 3444 Ju·
831 3396 871 3441 bet
885 3395 1063 3448 Cerauniorum,
1075 3396 1112 3441 vel
1126 3396 1280 3441 Catilinarum.
1301 3396 1352 3443 Sed

281 3456 349 3510 ilani,
367 3463 395 3502 ut
411 3458 496 3502 asserit
512 3457 672 3517 peritissimus
683 3462 800 3505 Astrono·
832 3471 881 3504 non
893 3459 947 3503 idco
962 3458 1064 3503 fortasse
1084 3460 1202 3505 mendum
1214 3460 1297 3505 statim
1308 3473 1353 3521 ag·

281 3532 339 3567 mus
358 3522 446 3568 ismael
459 3522 593 3568 Bullisldus
609 3523 634 3568 in
652 3524 755 3582 epistola
769 3526 800 3571 sd
833 3522 982 3568 noscendum
998 3529 1043 3577 est,
1055 3522 1147 3582 siquid
1164 3524 1268 3570 occurrit
1283 3526 1352 3584 quod

282 3584 432 3631 Gronovium
444 3586 534 3643 ipsum,
542 3599 597 3643 quoe
609 3588 640 3632 ad
651 3588 741 3633 calcem
754 3593 801 3633 ter·
832 3588 962 3646 ignoretur.

282 3647 382 3694 tiltomi
394 3648 488 3694 Liviani
498 3650 523 3693 in
532 3650 636 3696 editione
648 3652 803 3697 Gronoviana
867 3648 899 3694 65
914 3648 1048 3712 Dumium]
1075 3650 1129 3697 Hoc
1145 3666 1241 3712 quoque
1260 3665 1352 3698 nomen

282 3711 391 3759 habetur.
434 3713 520 3773 ltaque
542 3727 618 3772 quum
642 3716 802 3761 numerabant
834 3712 985 3774 incognitum
1002 3721 1039 3759 est
1050 3715 1205 3775 Geograplris.
1240 3716 1355 3775 Sigonius

281 3776 328 3823 boc
347 3791 411 3823 anno
428 3776 531 3823 Romani
551 3779 648 3823 initium
666 3780 756 3824 mensis
767 3782 801 3824 A·
833 3778 923 3837 perlevi
939 3780 1074 3824 mutatione
1086 3780 1283 3839 legitBarnium,
1295 3780 1354 3825 Pto·

281 3841 358 3900 prilis,
379 3854 488 3888 mensem
504 3842 649 3887 ianuarium
675 3856 801 3888 numerare
834 3843 920 3888 lemno
936 3848 961 3886 et
978 3842 1056 3888 Plinio
1076 3844 1187 3898 ducibus,
1206 3844 1249 3903 qui
1270 3844 1355 3903 oppidi

281 3905 427 3952 debuissent.
456 3906 607 3957 Dodwellus,
619 3904 719 3949 Dissert.
729 3905 762 3950 X.
772 3907 802 3952 ds
834 3906 1354 3967 BaraietBuruistarumpoptdorummcn·

282 3968 361 4029 cyclis
373 3970 444 4016 llorn.
457 3970 519 4015 Sect.
534 3967 570 4012 12.
583 3981 631 4011 non
651 3974 747 4013 tantum
763 3970 801 4014 t'u·
835 3969 926 4015 tionem
938 3970 1037 4015 faciunt.

282 4032 329 4079 isse
345 4047 451 4081 errorem
467 4032 716 4090 existimamusque
735 4032 802 4078 diem
865 4033 896 4079 oo
913 4034 1066 4098 Bulinorum]
1090 4035 1129 4081 Sic
1146 4036 1213 4081 dedit
1232 4035 1297 4081 idern
1315 4034 1354 4081 Si·

282 4108 356 4154 quem
367 4099 412 4144 hoc
423 4110 488 4142 anno
500 4094 605 4141 Romani
614 4094 720 4152 primurn
729 4096 801 4155 Apri·
833 4096 920 4156 gonius
931 4111 974 4158 pro
985 4098 1156 4145 Bulllasoram.

283 4157 313 4202 lis
331 4161 500 4215 numerabant,
517 4159 591 4204 luisse
610 4171 693 4203 revera
704 4158 743 4205 21.
756 4158 801 4205 Fe·
864 4160 895 4207 67
913 4162 984 4209 Circa
999 4154 1353 4225 Gmmrraamnea10asas

283 4220 373 4266 bruarii
391 4224 491 4269 iuliani.
525 4222 611 4281 ltaque
629 4235 650 4267 c.
666 4221 705 4269 37.
726 4217 800 4284 hujus
831 4225 910 4271 1.111.
927 4226 958 4272 de
974 4227 1042 4273 Bello
1059 4226 1139 4281 Civili,
1156 4233 1181 4272 et
1197 4226 1322 4283 Lucanus,
1337 4228 1354 4275 l.

283 4282 338 4331 libri
353 4286 471 4335 meadum
487 4285 513 4331 in
528 4284 592 4333 livii
609 4292 752 4335 contextum
766 4287 799 4334 ir·
832 4287 865 4335 V.
878 4303 901 4335 v·
914 4287 968 4337 462.
982 4288 1101 4337 mmm
1113 4296 1206 4338 nocuit.
