2942 4750
238 174 277 230 cii
627 162 942 231 DISPUTATIO

240 335 275 401 Si
289 335 375 399 enim
390 340 530 398 serretur
544 333 678 419 decupla
692 334 761 399 auri
777 335 814 398 ad
829 340 996 421 argentum
1006 330 1184 416 proportio,
1197 330 1264 396 dno
1280 330 1346 397 do-
1441 319 1446 330 ’

238 423 319 485 narii
335 434 366 484 et
380 421 473 483 semis
487 441 528 484 ex
541 442 619 483 auro
632 442 722 503 peres
741 432 816 483 sunt
836 422 947 506 viginti
969 418 1110 505 quinque
1131 416 1270 482 denariis
1295 434 1346 482 ex
1439 448 1447 462 ·

239 518 382 592 argento.
426 506 514 569 Talis
529 528 606 593 ergo
620 507 680 569 luit
694 528 808 569 oureus
830 506 1011 569 Romanus:
1035 516 1076 579 et,
1092 502 1118 565 si
1133 503 1346 587 quando'de·

239 595 402 655 nesiorum
418 613 585 655 aureorum
601 592 720 654 mentio
738 591 771 653 in
787 591 976 675 scriptorum
1001 589 1221 677 Romenorum
1243 588 1345 653 libris

241 679 389 754 occurrit,
405 700 458 741 eos
479 678 638 740 existimet
652 677 835 741 Gronovius
854 676 1039 763 peregrinos
1057 696 1134 751 csse,
1150 686 1182 737 et
1202 674 1345 739 aliunde
1392 674 1399 691 ⁸

243 763 399 839 advectos,
415 784 481 825 non
498 762 611 826 Romae
626 783 800 845 percussos.

80 865 176 909 Aureus
190 864 235 906 At·
286 850 411 913 Aureus
437 848 561 911 Atticus
586 849 692 910 minor
723 848 870 911 Romano
896 846 965 924 fuit,
992 858 1024 909 et
1048 846 1184 910 duarum
1210 857 1344 909 tantum

80 928 211 973 nemum-
241 934 465 997 drachmarum
477 933 602 1017 pondus
613 936 767 1018 aequabst.
813 933 881 996 Hic
889 932 1060 996 vocabatur
1068 932 1253 1017 simpliciter
1259 958 1343 1019 χςυ-
1406 996 1412 1013 ,

79 990 231 1099 rlpffiam
242 1026 316 1092 σοῡς.
362 1019 464 1082 Fuere
478 1030 509 1081 et
524 1019 718 1082 drachmales
733 1018 831 1095 aurei,
842 1019 896 1103 qui
911 1018 1062 1105 ἦμίχςυσοι
1074 1017 1339 1082 nominabantur.

81 1116 236 1176 Comparatio
287 1105 427 1191 Cognito
441 1104 642 1190 antiquorum
656 1124 860 1167 nummorum
873 1102 1024 1188 pondere,
1034 1115 1065 1166 et
1079 1124 1188 1166 eorum
1203 1104 1291 1167 inter
1305 1126 1341 1166 se
1445 1133 1446 1136 ¹

81 1183 236 1239 antiquorum
245 1191 376 1267 ratione,
392 1212 477 1253 nunc
492 1211 545 1252 eos
559 1210 632 1252 cum
654 1190 770 1252 nostris
792 1210 975 1274 computare
988 1210 1069 1271 opus
1083 1202 1140 1251 est.
1186 1187 1238 1265 Et,
1256 1211 1340 1274 quo-

82 1258 206 1354 ffiffi,
241 1278 329 1338 niam
345 1297 402 1337 nos
416 1276 584 1359 pecuniam
600 1296 663 1338 non
680 1274 898 1359 appendimus,
913 1275 969 1338 sed
983 1295 1239 1350 annumeramus,
1256 1286 1290 1338 et
1305 1275 1341 1338 in

84 1372 180 1418 nostris.
244 1361 428 1446 quotidiana
442 1380 644 1423 nummorum
659 1361 857 1438 tractatione,
872 1377 936 1423 nm
957 1361 1069 1423 mareis
1084 1373 1140 1424 aut
1154 1360 1256 1423 unciis
1271 1382 1338 1436 eos,

245 1445 299 1509 sed
315 1445 428 1509 libellis
443 1459 475 1509 et
489 1446 604 1509 solidis⁴
614 1445 857 1517 Turonensibus
878 1447 1078 1525 aestimamus,
1094 1445 1124 1508 id
1140 1445 1246 1529 primo
1260 1467 1341 1509 coa·

245 1530 412 1595 sultissime
425 1531 610 1595 videbamur
623 1530 746 1607 facturi,
763 1532 789 1594 si
800 1543 918 1595 veteres
942 1546 1087 1594 nummos
1102 1530 1143 1593 ad
1157 1530 1338 1595 libellorum

247 1617 420 1682 solidorum
467 1617 736 1680 eTuronensium
750 1638 893 1680 normam
913 1617 1121 1703 exigeremus.
1336 1666 1338 1669 ,

83 1713 245 1787 eursosnop·
291 1704 354 1768 Sed
369 1704 410 1766 ab
423 1640 480 1767 illo
502 1724 559 1766 nos
580 1702 712 1766 consilio
731 1702 852 1785 duplex
875 1701 1029 1766 deterruit
1050 1702 1235 1765 difficultas:
1257 1725 1335 1784 una,

83 1783 333 1885 fffflffnquod
348 1811 433 1873 saepe
446 1790 530 1873 opud
545 1811 602 1851 nos
624 1791 668 1853 ita
683 1790 822 1873 jactatur
843 1810 1001 1865 nummus,
1018 1802 1081 1851 tam
1099 1788 1186 1850 varia
1200 1790 1339 1852 aestima-

83 1903 186 1947 bam
247 1876 332 1939 tione
345 1874 499 1938 fluctuare
511 1874 652 1958 jubetur,
670 1887 705 1937 ut
727 1873 807 1939 nihil
829 1873 868 1936 de
886 1896 925 1937 eo
947 1874 1024 1937 certi
1047 1875 1140 1937 statui
1162 1887 1268 1959 queat,
1284 1886 1339 1938 aut

83 1965 226 2010 solidisTu·
245 1958 331 2044 quod
352 1959 400 2020 vel
425 1960 459 2020 in
486 1980 583 2020 unum
605 1960 734 2020 fortasse
759 1979 878 2021 annum
903 1959 975 2022 usui
999 1982 1064 2022 esse
1088 1960 1204 2042 possit:
1227 1961 1335 2038 ultera,

83 2029 231 2077 mumdum
270 2042 331 2104 uod
347 2063 387 2104 ex
403 2063 467 2128 quo
483 2064 532 2104 res
546 2043 725 2105 nummario
746 2043 832 2127 apud
854 2066 912 2106 nos
932 2065 974 2107 ex
995 2044 1147 2107 diuturno
1161 2045 1337 2130 agitatione

244 2065 440 2213 iliquaoenus
455 2128 604 2203 constitit,
618 2150 686 2191 eam
702 2130 865 2215 sequimur
886 2129 973 2193 Galli
993 2151 1170 2194 marcarum
1185 2151 1291 2193 auree
1305 2144 1338 2194 et

245 2226 402 2301 argenteae
424 2213 675 2295 oestimationem‚
690 2238 764 2300 quae
779 2215 920 2278 multum
943 2215 1099 2303 discrepet
1120 2216 1160 2279 ab
1186 2239 1224 2278 eo
1250 2216 1336 2302 quod

244 2322 356 2364 rerum
371 2312 403 2363 et
416 2302 589 2385 genuinum
604 2302 689 2385 opud
704 2303 871 2386 plerasque
886 2300 1026 2386 Europae
1041 2314 1149 2382 gentes
1157 2302 1226 2364 auri
1240 2314 1273 2365 et
1287 2323 1337 2364 sr-

246 2389 333 2473 genti
349 2388 485 2471 pretium
500 2387 654 2450 habetur:
678 2389 756 2450 odeo
771 2398 806 2451 ut
817 2409 933 2450 nomen
945 2387 1024 2451 illud
1036 2387 1214 2451 libellarum
1230 2387 1336 2452 Ture

247 2474 392 2538 nensium
408 2472 487 2536 falsa
502 2474 678 2536 blandiatur
693 2474 797 2557 specie
817 2473 986 2548 claritatis3
1010 2495 1044 2537 re
1059 2472 1185 2559 quidem
1202 2495 1276 2536 rere
1288 2496 1337 2537 er·

85 2574 183 2623 Aurum
194 2585 231 2617 ar-
246 2579 351 2624 rorem
367 2560 472 2643 potius
487 2558 527 2621 sit
548 2559 835 2642 obscuritatemque
854 2560 1044 2643 pariturum.
1090 2559 1191 2622 Nobis
1204 2580 1283 2646 ergo
1296 2560 1337 2623 sd

84 2644 233 2746 gantunpque
249 2647 389 2727 pondera
403 2643 648 2730 confugiendum
663 2643 733 2720 fuit,
749 2666 823 2729 quae
836 2657 869 2708 et
882 2645 1013 2708 minime
1025 2645 1157 2720 variant,
1173 2666 1233 2708 nec
1247 2646 1337 2731 quid·

56 2799 62 2808 ,
83 2713 159 2814 iuni„
152 2715 239 2810 1¹³¹le
249 2753 344 2818 quam
358 2730 476 2793 habent
490 2730 641 2816 ambigui.
686 2730 799 2815 Itaque
820 2730 967 2793 lecimus:
991 2742 1033 2807 et,
1049 2752 1247 2815 quaecunque
1268 2731 1339 2794 nuri

85 2828 229 2879 ennomus
249 2817 420 2898 argentive,
435 2815 500 2877 sive
522 2814 594 2878 facti
618 2827 673 2878 sut
698 2815 815 2891 infecti,
831 2817 897 2879 sive
922 2816 1037 2900 signati
1051 2837 1173 2880 summa
1195 2820 1227 2879 in
1244 2815 1338 2880 Livio

84 2892 484 2974 ¹³9⁰⁰¹1¹0¹²·0ccurrir‚eam
506 2900 619 2962 marcis
642 2922 698 2962 seu
721 2899 856 2979 selibris,
872 2902 982 2977 unciis,
1006 2916 1066 2967 ete.
1111 2900 1339 2966 Parisieusibus

75 2968 174 3017 ’ΨΜ
249 2985 471 3048 aestimavimus
486 2983 525 3047 ad
540 3005 610 3048 enm
624 2986 777 3048 rationem
794 3007 867 3070 qnae
882 3008 978 3071 supra
992 2986 1208 3051 demonstrata
1223 3001 1282 3053 est.

85 3089 128 3140 ass
138 3105 188 3140 non
198 3092 240 3144 no-
294 3071 356 3136 sed
372 3072 404 3135 in
420 3092 483 3135 aere
497 3070 558 3134 alia
570 3070 662 3134 nobis
677 3071 817 3134 ineundo
832 3072 912 3135 ratio
932 3086 1008 3149 erat,
1023 3095 1066 3137 ne
1080 3073 1113 3136 in
1128 3073 1274 3136 eumdem
1289 3094 1338 3136 er-

84 3156 214 3204 mimir
251 3181 353 3222 rorem
370 3159 611 3235 incurreremus,
624 3158 678 3243 qui
695 3157 827 3243 Dujetio
840 3158 942 3221 fraudi
957 3159 1026 3222 fuit.
1072 3159 1181 3234 Quum
1197 3159 1281 3222 enim
1296 3180 1338 3222 α

83 3222 199 3333 ”¹⁸¹¹ss
251 3245 335 3333 apud
355 3245 516 3307 Romanos
531 3243 625 3329 longe
643 3244 735 3305 vilius
749 3255 828 3306 esset
843 3266 937 3328 quam
952 3245 1037 3329 apud
1059 3266 1127 3324 nos,
1143 3258 1179 3307 ut
1200 3256 1285 3327 patet
1299 3266 1339 3307 ex

85 3288 152 3348 pono
250 3353 288 3393 eo
303 3331 398 3414 quod,
414 3330 468 3394 ubi
483 3330 620 3411 primum
635 3339 763 3392 moneta
777 3350 817 3390 ex
835 3341 967 3416 argento
987 3329 1061 3393 cudi
1081 3341 1187 3413 coepta
1201 3344 1257 3407 est,
1274 3330 1337 3393 sin·

248 3414 333 3496 pule
347 3414 470 3500 argenti
485 3414 574 3480 librae
589 3414 732 3476 millenus
749 3415 821 3476 reris
841 3414 939 3478 libras
954 3416 1056 3495 pretio
1121 3427 1244 3495 uarent,
1258 3437 1339 3478 esses

236 3499 469 3563 'Romanorum
486 3498 611 3561 librales
628 3500 661 3562 in
684 3497 780 3563 libras
800 3499 872 3564 aeris
895 3513 1049 3564 nostrates
1065 3523 1081 3563 r
1123 3502 1195 3574 acti,
1213 3500 1298 3585 quod
1318 3523 1338 3563 a

248 3583 382 3669 Dujatio
397 3585 514 3650 sactum
531 3596 587 3661 est,
599 3582 703 3648 fallaci
714 3584 806 3648 nobis
821 3586 923 3669 specie
934 3584 1113 3650 divitiarum
1127 3586 1336 3670 imponerent,

248 3682 281 3733 et
294 3668 487 3733 haberentur
502 3691 519 3732 n
534 3670 624 3731 nobis
640 3691 698 3753 pro
714 3670 808 3818 lonpe
832 3672 950 3755 majore
971 3693 1104 3748 summa,
1120 3693 1217 3757 quom
1230 3671 1339 3756 quanti

87 3774 135 3820 tat
144 3772 268 3819 motae
284 3754 438 3820 Romanis
453 3755 499 3818 illi
520 3755 723 3819 taxabantur:
786 3771 880 3840 taque
903 3756 1080 3820 thciendum
1107 3758 1206 3820 visum
1232 3769 1288 3835 est,
1303 3771 1338 3820 ut

85 3838 230 3913 organum
249 3864 293 3908 oes
318 3862 383 3904 non
408 3842 441 3904 in
466 3863 508 3917 se,
524 3840 580 3903 sed
606 3841 713 3904 habita
738 3842 861 3922 argenti
884 3844 1006 3905 rationo
1030 3847 1273 3916 aestimaremus;
1295 3855 1334 3918 et,

86 3907 158 3949 ‘¹⁰⁰⁸'
249 3927 335 4013 quod
357 3928 385 3989 ei
408 3926 448 3989 nd
471 3939 636 4027 argentum
656 3927 772 3989 colluto
794 3928 930 4006 pretium
954 3928 1092 3991 Romani
1105 3940 1289 4003 statuerant,
1304 3926 1337 3990 id

235 4012 281 4080 'in
299 4012 624 4089 marcis,unci1s,'etc.
647 4012 770 4096 argenti
788 4012 1015 4076 Parisiensibus
1030 4014 1242 4078 redderemus.
1317 4031 1321 4042 ·

239 4119 243 4128 ’
292 4097 357 4162 Hic
371 4119 477 4182 operoe
492 4097 626 4180 pretium
642 4115 708 4160 esse
720 4096 867 4160 ducimus
886 4097 1025 4161 tabulam
1040 4099 1191 4163 exhibere
1205 4098 1335 4162 indicem

144 4197 146 4202 ⁴
247 4181 426 4264 ponderum
456 4202 722 4334 nummorumppo
744 4183 881 4245 maxime
902 4184 1088 4248 usitatorum
1115 4186 1199 4268 apud
1221 4195 1337 4260 veteres

664 4289 673 4332 r

219 4325 221 4330 ,
248 4267 648 4350 cum'ponderibusnostra
699 4289 733 4332 us
748 4265 946 4337 collatorum.
992 4269 1096 4346 Fuere
1109 4290 1187 4354 ergo
1209 4268 1320 4334 nobis,

458 4383 472 4408 0
748 4390 755 4402 a
794 4389 799 4400 a
