2942 4750
309 203 365 257 teu
682 199 790 259 TITI
821 197 958 258 LIVII

145 380 175 427 u.
186 377 213 424 c.
224 372 280 424 tu&
306 363 435 426 tiochum
446 384 545 447 regem
559 363 636 423 dota
651 364 695 425 ad
707 365 809 425 omnio
819 364 1003 444 pulvinario
1015 372 1118 439 essent,
1130 372 1219 426 touta
1236 363 1275 437 Q.
1290 364 1369 427 Coe·

144 445 175 491 ⁸⁴
187 441 214 488 α
227 438 280 488 ¹⁶⁷·
307 450 370 512 eim
383 458 413 511 et
428 448 489 511 Μ’,
502 448 661 515 Juvenum
672 457 819 527 pretores
832 458 977 510 curarent
991 448 1105 510 darida.

351 533 466 597 xvll.
489 535 624 618 Legatos
638 531 762 607 deinde,
780 554 916 617 quorum
932 533 972 596 de
993 532 1147 595 sententia
1160 533 1369 615 imperatores

307 620 348 685 L.
365 619 500 693 Paullus,
518 618 554 680 L.
572 618 705 681 Anicius
726 631 954 702 componerent
975 640 1034 691 res,
1050 618 1259 681 decreverunt
1278 623 1299 656 ⁷⁴
1311 617 1369 682 de·

146 718 267 779 aquarn
306 727 374 769 cem
391 707 422 767 in
441 703 670 779 Macedoniam,
683 704 824 789 quinque
835 704 866 766 in
880 703 1053 788 Illyricum.
1087 705 1122 765 ln
1142 702 1368 767 Macedoniam

145 782 285 829 anl‘
307 804 379 854 sunt
393 788 426 851 hi
449 789 613 866 nominati,
630 790 670 851 A.
690 790 866 853 Postumius
890 792 1017 864 Luscus,
1035 789 1073 852 C.
1091 789 1256 860 Claudius,
1270 789 1369 853 ambo

144 846 292 957 ffl'·
307 875 450 951 censoru,
476 874 513 938 o.
530 874 671 937 Licinus
695 875 835 948 cassus,
860 874 980 961 cort-ga
999 875 1032 937 in
1055 875 1220 937 consumo
1244 875 1369 950 mulin

306 974 373 1026 tum
394 975 566 1044 prorogato
584 960 718 1042 imperio
739 961 931 1042 provinciam
952 960 1091 1024 Galliam
1114 960 1258 1023 habebat
1306 959 1371 1023 His

304 1045 520 1110 consularibus
548 1044 698 1109 addidere
724 1046 787 1110 Cn.
810 1047 988 1108 Domitium
1013 1045 1271 1119 Ahenobarbum,
1298 1045 1368 1109 Ser.

307 1131 491 1195 Cornelium
509 1130 640 1206 Sullam,
659 1133 692 1193 1..
705 1130 847 1207 Juniurn,
865 1132 904 1194 C.
922 1132 1097 1195 Antistium
1116 1132 1307 1207 Labeonem,
1326 1130 1370 1194 T.

306 1216 486 1280 Numisium
514 1216 788 1302 Tarquiniensem,
814 1219 856 1280 A.
879 1217 1065 1280 Terentium
1096 1217 1281 1280 Varronem.
1328 1216 1368 1280 In

305 1301 469 1387 illyricum
485 1314 590 1366 nutem
606 1302 638 1365 hi
653 1302 818 1377 nominati,
838 1302 873 1364 P.
890 1301 994 1365 AElius
1010 1303 1109 1387 Ligus
1124 1301 1309 1378 consularis,
1328 1301 1367 1364 C.
1459 1361 1460 1364 ,

305 1387 473 1465 Cicereius,
489 1400 520 1450 et
543 1388 602 1451 Cn.
621 1387 750 1452 Baebius
771 1387 968 1470 Tamphilus,
986 1387 1051 1468 (hic
1073 1388 1178 1467 priore
1200 1408 1294 1462 anno,
1312 1387 1369 1450 Ci-

305 1473 427 1537 cereius
443 1473 550 1537 multis
566 1486 640 1535 ante
659 1473 751 1535 annia
765 1485 882 1556 praetor
896 1472 1011 1550 suerat)
1030 1474 1063 1535 1³.
1073 1471 1105 1535 T
1105 1472 1242 1535 orentius
1254 1472 1286 1534 T
1287 1473 1369 1535 usci-

307 1559 461 1636 veicnnus,
479 1558 514 1621 P.
531 1557 695 1622 Manilius.
742 1557 859 1621 Moniti
874 1557 991 1620 deinde
1007 1557 1150 1620 consules
1170 1580 1188 1620 a
1205 1557 1364 1634 Patribus,

307 1657 351 1720 ut,
382 1644 532 1729 quoniam
563 1645 695 1705 alterum
724 1663 766 1705 ex
802 1643 851 1705 bis
882 1643 1049 1706 succedere
1079 1644 1116 1705 C.
1149 1642 1283 1718 Licinio,
1312 1643 1369 1728 qui

304 1728 426 1816 legatus
440 1728 622 1791 nominatus
636 1741 713 1804 erat,
730 1732 762 1790 in
779 1727 917 1792 Galliam
938 1741 1105 1813 oporteret,
1122 1729 1226 1812 primo
1240 1750 1369 1814 quoque

305 1827 448 1899 tempore
461 1813 640 1898 provincias
661 1827 716 1876 aut
738 1826 960 1897 compararent
979 1815 1061 1877 inter
1083 1836 1125 1891 se,
1141 1830 1195 1876 aut
1217 1816 1368 1877 sortiren-

305 1913 370 1980 tur,
390 1902 492 1964 sortiti
506 1911 589 1963 sunt.
635 1897 686 1963 M.
701 1898 801 1963 Junio
817 1899 900 1963 Pisoe
914 1903 1118 1973 obvenerunt,
1136 1904 1242 1984 (quern
1266 1899 1366 1983 prius,

304 2006 400 2069 quam
415 1986 447 2047 in
470 1985 665 2069 provinciam
687 1985 758 2059 iret,
774 1984 955 2070 legationes,
971 2007 1043 2071 quoe
1065 1984 1205 2069 undique
1230 1985 1367 2048 Romam

363 2068 495 2133 tulatum
522 2083 746 2146 convenerunt,
771 2070 972 2133 introducere
999 2074 1029 2133 in
1061 2084 1203 2134 senatum
1232 2069 1365 2153 placuit)

341 2153 585 2220 .AElio‘Gallio.
617 2155 768 2219 Ceterum
784 2177 975 2240 quamquam
992 2156 1068 2218 tales
1078 2156 1136 2218 viri
1155 2156 1365 2231 mitterentur,

303 2261 439 2324 quorum
454 2241 494 2305 de
509 2240 641 2304 consilio
660 2241 780 2323 sperari
803 2255 918 2322 posset,
934 2242 1138 2325 imperatores
1161 2240 1239 2303 nihil
1262 2241 1367 2328 indig·
1449 2283 1458 2298 .

302 2346 380 2390 num
397 2347 455 2391 uec
470 2327 637 2391 clementia
658 2347 716 2391 nec
730 2327 884 2414 gravitate
903 2327 1014 2412 populi
1031 2326 1169 2391 Romani
1183 2326 1366 2391 decreturos

302 2434 378 2490 esse,
403 2425 509 2477 tamen
532 2413 697 2491 insenatu
719 2436 847 2499 quoque
868 2414 986 2500 agitata
1006 2426 1054 2477 est
1075 2434 1198 2476 summa
1219 2413 1366 2476 consilio·

302 2520 386 2579 rum,
403 2513 439 2563 ut
454 2500 600 2565 inchoata
614 2500 721 2564 omnia
735 2499 832 2587 legati
845 2501 886 2564 ab
901 2499 998 2563 domo
1012 2500 1091 2562 serre
1105 2499 1144 2562 ad
1161 2500 1366 2581 imperatores

143 2673 247 2721 Mede
301 2597 473 2731 wisiediil.
498 2670 639 2731 Omnium
659 2673 790 2749 primum
811 2671 920 2735 liberos
940 2693 1002 2734 esse
1021 2670 1165 2754 placebat
1177 2669 1366 2734 Macedones
1384 2694 1407 2721 ·

144 2738 394 2833 M⁸⁰²³⁶⁰¹²Putque
414 2753 550 2835 Illyrios,
573 2762 608 2816 ut
629 2756 766 2816 omnibus
788 2756 928 2839 gentibus
951 2757 1123 2837 adpareret,
1147 2779 1237 2819 armo
1253 2759 1366 2839 populi

302 2837 436 2898 Romani
450 2858 511 2899 nou
524 2838 625 2901 liberis
645 2838 826 2922 servitutem,
843 2843 896 2903 sed
908 2852 1013 2905 contro
1028 2843 1225 2905 seruientibus
1237 2844 1365 2906 liberta·

302 2930 360 2984 tem
375 2922 499 3006 ariserre
507 2956 519 2993 ‚·
543 2932 578 2986 ut
598 2933 626 2985 et
647 2924 677 2985 in
701 2924 838 2987 libertate
854 2937 960 3008 gentes
980 2949 1047 3011 quae
1068 2938 1172 3002 esseut,
1188 2937 1285 2990 tutam
1300 2949 1365 2991 eom

302 3007 362 3070 sibi
379 3008 708 3091 perpetuumque⁷⁸mb
730 3010 826 3072 tutelo
841 3013 951 3094 populi
973 3014 1130 3075 Ronnrm'n
1144 3033 1215 3091 esse,
1238 3023 1276 3088 er,
1298 3034 1367 3097 quoe

300 3093 354 3157 sub
374 3093 493 3177 regibus
513 3096 658 3173 viverent,
673 3105 703 3157 et
718 3097 752 3157 in
759 3116 897 3177 presens
910 3108 1025 3180 tempiu
1045 3099 1175 3161 mitiores
1189 3119 1238 3161 eos
1249 3098 1367 3182 justio-

301 3200 406 3263 resque
427 3188 562 3261 respectu
577 3182 689 3262 populi
702 3181 838 3244 Romam
852 3183 959 3247 habere
972 3205 1013 3260 ae,
1030 3193 1069 3259 et,
1085 3184 1243 3266 siquando
1257 3185 1365 3247 &dum

301 3285 365 3326 cum
374 3265 490 3346 populo
506 3265 645 3329 Romano
658 3267 780 3349 regibus
782 3267 900 3351 suisset
913 3271 988 3345 ouis,
1005 3271 1116 3331 exitum
1131 3291 1194 3352 qus
1207 3270 1366 3333 victorium
1423 3276 1436 3297 ‘
1456 3286 1462 3307 ⁸

302 3348 533 3428 Romanis,silri
549 3351 716 3414 libertatem
733 3353 904 3416 adiuturum
915 3356 1079 3417 crederent.
1114 3355 1136 3388 ’⁰
1150 3354 1275 3417 Metalli
1289 3376 1361 3438 quo-

302 3454 359 3516 que
373 3433 577 3512 Macedonici,
593 3438 673 3521 quod
687 3439 795 3521 iugens
815 3440 942 3523 vectigal
962 3449 1039 3515 erut,
1055 3441 1271 3524 &arationesque
1285 3462 1364 3521 ρω-

301 3520 416 3583 dienen
437 3523 615 3584 misticorum
636 3525 705 3586 tolli
726 3522 881 3606 placebat.
913 3546 982 3587 nom
1006 3546 1100 3608 neque
1119 3528 1185 3587 siue
1200 3526 1365 3607 pubbcono

668 3646 681 3673 ¹¹
693 3640 787 3704 [populi
795 3642 908 3705 rimu]
920 3643 988 3689 Crev.

333 3735 366 3783 'ld
380 3737 465 3783 Decem
483 3739 508 3783 ἐκ
526 3738 702 3801 Macedoniam]
719 3742 753 3784 At
772 3753 816 3785 no·
845 3753 892 3785 aaa.
925 3739 1049 3786 Posterius
1069 3741 1148 3800 mugla
1169 3741 1255 3799 placet.
1295 3740 1363 3794 eura

300 3813 356 3847 vem
376 3806 473 3848 tantum
493 3804 655 3849 nominantur.
689 3803 815 3849 Intercidit
846 3804 951 3849 sinthoc
963 3804 1145 3850 locolorotlouet
1156 3804 1365 3863 mediumm-

299 3878 377 3912 unum
400 3879 498 3921 nomen,
518 3868 582 3927 quod
603 3866 656 3912 Jac.
678 3866 814 3913 Gronovius
846 3867 1365 3927 tlmrumhaudtaciledeflnirepoaaumua.

298 3928 812 4054 eunomiumne...
844 3929 1368 4055 §.murmurmurmur

297 4053 394 4103 Ad'ecit
410 4059 498 4104 merito
509 4055 620 4118 sigonius
630 4054 675 4100 hm
685 4069 757 4101 rocas
771 4070 813 4116 po·
844 4059 1013 4106 cadonicorum
1031 4060 1215 4118 patrimonium,
1233 4059 1298 4119 quod
1320 4070 1368 4105 ro·=

291 4072 346 4177 pud
357 4119 465 4166 Romani.
842 4135 927 4168 comm
937 4125 1002 4183 opud
1010 4122 1208 4169 noaledomolncr
1219 4136 1275 4183 quoe
1283 4134 1365 4182 quum

329 4181 360 4227 76
375 4183 472 4230 Metalli
584 4181 742 4243 Macedonici}
760 4182 812 4229 Du-
842 4185 978 4233 locarentur
996 4201 1011 4234 a
1029 4187 1134 4246 regibus,
1154 4200 1169 4233 a
1188 4186 1306 4234 Romanis
1321 4188 1364 4233 val

296 4241 365 4289 hrum
376 4259 427 4292 esse
438 4255 525 4305 potest,
555 4256 620 4293 trum
631 4247 684 4292 hac
692 4247 765 4292 rerba
774 4260 811 4293 re-
843 4251 989 4308 venduntur,
998 4251 1036 4298 rel
1047 4252 1176 4298 donantur.

296 4302 455 4355 tumuerint
469 4312 501 4358 ad
519 4310 811 4372 vectigabanadloootlo·
