2942 4750
516 151 863 236 PRAEFATIO.
1176 158 1244 243 ,itui

32 342 45 362 ⁹
108 392 116 411 ·
144 369 183 436 et
214 358 414 459 genuinum
442 361 600 438 nitorem
626 387 815 462 expressa,
845 361 1033 449 abstersis,
1059 373 1243 466 quentpm

144 476 222 550 fieri
237 485 375 575 posset,
393 479 551 554 maculis
574 479 758 574 omnibus,
784 478 947 553 historie
965 478 1150 561 Romane
1165 482 1243 561 cffi-

21 574 23 647 Ξ
142 588 221 688 gies
239 592 482 671 exhiberetur.

72 696 85 718 ⁰
151 707 326 807 Ipsum
342 718 469 782 tamen
485 709 779 785 Freinshemiani
799 710 920 807 operis
945 718 1090 786 textum
1102 713 1369 796 nostrisnppou·
1317 735 1369 782 uo·

127 823 450 954 castigationibus
477 827 667 925 restingere,
692 836 731 900 et
753 825 794 899 in
817 826 938 900 aliena
962 830 1108 907 tantum
1131 800 1337 913 nobisffif'
1337 812 1382 860 Ψ

36 1017 52 1043 ⁰
136 939 232 1034 juris
261 963 445 1037 arrogare,
474 964 552 1015 non
577 940 695 1016 nostri
720 941 876 1038 pudoris
904 951 1004 1015 erat:
1040 942 1112 1018 nisi
1136 945 1242 1042 quod

140 1053 211 1141 bis,
242 1055 300 1129 vel
327 1080 515 1130 summum
538 1067 604 1144 ter,
629 1058 692 1131 ubi
716 1057 771 1130 its
788 1057 1006 1155 perspicuus
1028 1068 1109 1132 erat
1128 1083 1242 1148 error,

141 1179 184 1244 ut
199 1171 304 1245 nullo
322 1172 447 1248 colore
468 1173 630 1261 defendi,
657 1173 710 1248 ita
733 1173 926 1262 molestus,
953 1184 997 1248 ut
1019 1174 1124 1248 nullo
1149 1172 1242 1250 tole-

141 1286 215 1360 rari
230 1287 347 1361 modo
364 1299 503 1386 posset,
522 1290 560 1363 in
584 1299 804 1365 contextum
824 1290 867 1362 id
887 1290 1119 1379 immisimus,
1136 1294 1242 1390 quod

142 1414 273 1480 auctor
298 1404 390 1501 ipse,
417 1406 449 1479 si
470 1398 652 1503 potuisset
674 1405 879 1491 admoneri,
903 1407 1089 1503 scriptum
1106 1407 1242 1483 voluis·

141 1533 209 1596 set.
263 1522 342 1596 Sed
362 1532 441 1595 tum
462 1545 614 1620 qnoque
639 1523 817 1596 lectorem
839 1518 1059 1597 edocuimus
1074 1523 1114 1596 in
1129 1523 1240 1609 notis,

142 1636 236 1735 quid
252 1636 409 1711 licentiae
430 1662 672 1712 sumeremus.
726 1637 915 1711 Praeterea
938 1638 1127 1724 omissum,
1153 1660 1239 1736 pro

46 1770 50 1775 ·
140 1755 240 1827 fecto
265 1777 334 1851 per
358 1753 582 1827 oblivionem
610 1752 816 1840 scribentis,
847 1752 941 1826 libro
963 1752 1134 1827 cxxii.
1161 1748 1241 1827 rem

141 1870 349 1943 admodum
366 1869 507 1945 claram
523 1881 561 1944 et
577 1869 769 1955 illustrem,
789 1894 925 1967 nempe
941 1867 1155 1943 Hortensiae
1171 1890 1240 1966 pro

139 1984 321 2059 matronis
352 1987 402 2059 ad
431 1985 626 2061 Tresviros
655 1986 857 2083 querelam,
884 2009 953 2059 suo
972 1986 1059 2060 loco
1088 1983 1241 2060 inserui·

137 2125 234 2175 mus.

190 2216 237 2289 In
254 2215 385 2290 ceteris
408 2238 493 2288 eam
515 2216 629 2288 fldem
648 2215 898 2312 praestitimns,
922 2223 966 2286 ut
987 2216 1126 2288 menda
1144 2238 1236 2312 quo·
1222 2235 1386 2284 -ιιιιωιι

138 2357 213 2431 que
229 2331 295 2408 illa
309 2357 393 2428 qnae
411 2331 458 2405 ab
475 2330 598 2427 operis
615 2339 680 2405 aut
701 2331 871 2461 profecto
895 2338 1010 2416 erant,
1030 2337 1103 2403 aut
1127 2332 1236 2427 profi·
1221 2314 1400 2428 -miss

140 2449 231 2524 cisci
247 2446 413 2545 potuisse
429 2446 709 2534 videbanturf
680 2472 711 2519 si
737 2471 783 2519 ea
805 2445 846 2518 in
870 2445 1043 2519 omnibus
1067 2441 1327 2519 editioni·corum
1245 2494 1314 2542 ml„
1275 2429 1401 2478 ’ΝΜ

138 2553 209 2640 bus
251 2562 506 2661 reperirentur,
540 2585 619 2635 non
651 2559 932 2636 sustinuerimus
965 2559 1019 2634 its
1049 2558 1239 2634 eliminare

137 2703 207 2779 pro
234 2678 400 2775 imperio,
431 2687 474 2752 nt
499 2677 641 2751 nullam
670 2677 824 2751 omnino
851 2700 980 2750 eorum
1012 2671 1240 2750 mentionem
1365 2729 1369 2748 ι

138 2797 356 2872 laceremus.
410 2792 606 2888 Indiculos
632 2789 873 2879 confecimus,
890 2792 1081 2891 inquibus
1097 2790 1239 2867 vitiose
1269 2787 1271 2794 ’

137 2912 211 2987 illae
236 2912 416 2987 lectiones
445 2920 484 2984 et
508 2909 791 2984 emendationes
824 2907 969 2984 nostrae'
990 2909 1239 2983 exadversum

138 3027 333 3102 collocatae
360 3024 643 3102 exhiberentur:
682 3050 761 3098 non
786 3050 854 3123 per
879 3023 1067 3121 puerilem
1092 3033 1129 3096 et
1160 3023 1238 3097 irri-

139 3142 305 3218 dendam
331 3140 562 3237 superiomm
589 3139 797 3213 editionum
823 3137 1141 3223 obtrectationem,
1169 3138 1238 3211 sed

137 3259 227 3358 quia
248 3260 363 3338 fidem
384 3255 444 3330 vel
470 3255 725 3354 superstitiose
749 3255 865 3327 vereri
890 3253 1099 3339 maluimus,
1122 3277 1237 3349 qnam

137 3374 254 3448 videri
271 3373 374 3447 ullo
363 3398 404 3447 ιιι
420 3398 459 3447 re
475 3396 608 3470 perum
626 3370 822 3468 diligenter
837 3368 1009 3443 coluisse

188 3488 454 3586 Scriptomm
443 3514 484 3563 ιιι
512 3512 579 3563 ora
604 3481 779 3572 editionis
813 3483 1033 3560 Parisiensis
1059 3480 1366 3582 allegato-raom
1334 3507 1391 3554 ιιι

135 3629 218 3679 rum
247 3603 460 3678 testimonis
487 3627 602 3702 quam
628 3601 761 3676 misere
787 3601 837 3676 ibi
861 3611 1023 3676 tractato
1047 3600 1137 3694 sint,
1157 3627 1234 3692 cre
1242 3576 1369 3746 ιιιῗξιῗιΞ

138 3721 205 3794 dat
236 3720 355 3795 lector
393 3720 551 3806 Clerioo,
590 3718 655 3816 qni
686 3718 785 3792 lianc
824 3717 894 3792 sibi
927 3741 1006 3791 non
1042 3700 1287 3793 minima'm'm
1241 3713 1392 3813 unffi„

136 3860 301 3922 causam,
333 3860 399 3910 cur
424 3836 491 3909 illa
519 3833 714 3921 omitteret,
744 3832 858 3908 fnisse
885 3833 1089 3931 profitetur.
1144 3825 1231 3918 Tot,
1241 3833 1374 3891 “ww

134 3952 265 4050 inquit,
295 3964 381 4027 runt
406 3953 582 4025 menda
566 3976 607 4024 ιιι
632 3953 851 4049 scriptumne
869 3939 1135 4034 bominibus,
1119 3971 1160 4019 m
1188 3893 1352 4021 lituu¹

136 4068 223 4156 bn's,
241 4068 475 4167 capitiburoe,
501 4092 581 4164 pror
605 4069 828 4151 indicantur,
854 4076 890 4137 et
913 4065 1002 4136 odeo
1023 4064 1142 4136 alieno
1156 4064 1234 4139 loco

136 4209 229 4283 roepc
251 4187 421 4284 adposito
433 4184 603 4279 sroemot,
628 4194 671 4255 ut
695 4184 819 4257 omnia
842 4182 893 4254 ad
912 4204 980 4254 ruo
993 4179 1074 4255 loeo
1088 4179 1233 4277 afferre,
