2942 4750
293 167 351 256 199
683 158 789 221 ΤΙΤΙ
822 157 959 219 letl

125 329 154 377 U·
167 325 261 376 05⁸&
286 322 375 388 Huic
390 324 507 389 actioni
526 323 576 389 Μ.
593 323 753 387 Antonius
767 335 799 387 et
822 322 871 388 M.
888 322 1082 407 Pomponius
1103 318 1352 404 tribuniplebis

124 396 155 440 Α·
167 393 194 441 ⁰·
207 392 260 440 ¹⁶⁷·
284 410 542 475 adversabantur.
588 408 652 473 Sed
667 423 698 472 et
712 423 833 494 praetor
846 431 931 472 novo
946 408 1093 493 maloque
1112 409 1259 491 exemplo
1281 427 1352 470 rem

284 496 445 584 ingressus
460 508 537 570 erat,
555 494 651 581 quod,
668 508 742 559 ante
755 517 819 558 non
835 494 980 558 consulto
994 506 1113 568 senatu,
1129 514 1194 556 non
1211 492 1354 556 consuli·

284 581 343 645 bus
364 583 548 644 certioribus
571 580 670 657 factis,
702 582 740 645 de
761 603 819 644 sua
847 583 941 644 unius
971 581 1125 643 sententia
1150 579 1351 664 rogationem

282 666 388 741 ferret,
409 667 533 746 Vellent,
542 666 737 749 jubercntne,
752 668 886 729 Rhodiis
898 667 1005 729 bellum
1021 666 1141 729 indici?
1172 685 1271 747 quum
1293 685 1352 727 nn·

284 764 335 816 tea
348 773 471 832 semper
487 752 573 834 prius
588 762 714 815 senatus
736 751 776 815 de
790 751 875 816 bello
894 751 1055 815 consultus
1069 762 1160 826 esset,
1176 748 1293 813 deinde
1308 747 1352 813 sd

282 835 437 921 populum
454 836 570 913 irtum3
595 840 658 900 ”et
676 837 796 901 tribuni
818 837 930 921 plebis,
945 857 1044 923 quum
1066 838 1111 899 ita
1133 834 1285 899 traditum
1301 857 1352 897 es·

283 933 339 998 set,
356 943 397 983 ne
420 923 489 1006 quis
510 924 599 1006 prius
615 923 823 987 intercederet
838 922 911 1008 legi,
927 944 1022 1008 quam
1043 923 1173 1006 privatis
1194 920 1350 984 suadendi

200 1031 204 1038 ·
282 1007 547 1094 dissuadendique
568 1008 670 1095 legem
691 1020 829 1093 potestas
850 1008 932 1072 facta
952 1017 1034 1071 esset
1046 1032 1056 1084 3
1083 1028 1184 1090 eoque
1204 1025 1351 1090 persoepe

282 1093 444 1172 evenisset,
461 1107 504 1170 ut,
520 1095 574 1179 qui
590 1116 654 1157 non
669 1093 802 1177 professi
816 1106 919 1158 essent
939 1115 972 1157 se
993 1094 1228 1168 intercessuros,
1244 1091 1350 1154 anim·

282 1179 418 1242 adversis
446 1179 528 1243 vitiis
562 1180 639 1266 legis
670 1184 691 1215 ⁰⁴
702 1202 743 1243 ex
772 1180 893 1243 ratione
928 1178 1186 1254 dissuadentium,
1213 1178 1350 1241 interce·

282 1264 412 1343 derent3
442 1277 484 1344 et,
507 1266 561 1350 qui
591 1265 632 1329 ad
658 1264 919 1328 intercedendum
948 1266 1116 1340 venissent,
1145 1262 1346 1344 desisterent,

282 1347 357 1413 victi
374 1350 614 1414 auctoritatibus
635 1351 835 1414 suadentium
858 1354 969 1433 legem.
1015 1348 1100 1412 Tum
1123 1349 1206 1412 inter
1228 1361 1348 1433 praeto-

281 1455 350 1497 rem
368 1435 575 1521 tribunosque
589 1437 697 1501 omnia
719 1437 937 1521 intempestive
954 1434 1070 1522 agendi
1083 1446 1243 1498 certamen
1265 1442 1347 1498 erat.

282 1518 420 1584 Tribuni
434 1519 663 1587 festinationem
679 1523 826 1606 praetoris
840 1535 913 1590 ente
927 1533 1052 1604 tempus
1066 1518 1301 1595 intercedendo,

654 1668 674 1708 ᾖ
804 1665 822 1702 U
952 1667 972 1705 4

281 1785 314 1850 in
330 1786 500 1853 adventum
516 1789 596 1853 ini-r

650 1931 670 1969 ’k
801 1928 820 1964 ἰ·
952 1925 970 1962 ’k

118 2005 283 2125 annonae-7
324 2030 444 2095 XXII.
459 2036 528 2074 *st
541 2032 806 2114 peccaverimusne,
818 2033 915 2095 when
923 2030 1113 2095 dubiumcst:
1130 2030 1347 2114 pennanigno-
1455 2073 1456 2120 3

117 2113 250 2223 mm
280 2118 392 2180 minias
405 2138 504 2180 omnes
512 2117 583 2199 jam
597 2120 742 2201 patimur.
786 2117 901 2195 Antea,
916 2115 1226 2200 Karthaginiensibus
1245 2117 1344 2192 victis,

278 2203 599 2284 PhilippaAntiocho
608 2205 770 2285 superatis,
781 2224 867 2285 quum
879 2203 1012 2264 Romam
1022 2203 1203 2276 vemssemus,
1214 2223 1254 2264 ev
1266 2202 1345 2282 pub·
1433 2213 1456 2268 ,⁴

276 2290 336 2351 lico
348 2289 482 2370 hospitio
497 2291 531 2351 in
544 2292 662 2351 curiam
673 2290 863 2372 gratulatum
879 2289 970 2362 vobis,
988 2289 1100 2350 Patres
1113 2288 1288 2368 conscripti,
1306 2309 1344 2350 ea

275 2375 363 2437 aeria
377 2377 411 2437 in
426 2377 615 2457 Capitolium
629 2369 671 2438 ad
684 2375 767 2438 Deos
777 2384 889 2438 vestros
902 2377 923 2408 ⁰⁶
932 2373 1189 2457 dvnaferentes15
1212 2393 1293 2436 nunc
1303 2395 1345 2436 ea

275 2462 400 2523 sordido
412 2463 591 2535 deversoria,
599 2463 788 2525 viamercede
793 2463 915 2540 recepti,
923 2481 960 2522 aa
964 2460 1195 2540 propehaetium
1201 2479 1341 2521 maresa

233 2600 237 2609 .
274 2554 324 2607 tra
338 2546 438 2608 urbem
454 2568 573 2608 manere
578 2545 671 2628 jer-ssi,
687 2549 719 2607 in
733 2547 788 2608 hoc
801 2549 940 2628 squalore
951 2545 1079 2607 venimus
1094 2545 1128 2605 iu
1142 2545 1258 2605 curiam
1273 2544 1342 2606 Ra-

274 2649 397 2690 manum
408 2632 537 2705 Rhodii,
548 2652 621 2710 quos
629 2631 797 2710 proviaciis
810 2632 907 2712 nupsi
921 2631 1022 2712 Lycia
1036 2638 1129 2711 atque
1143 2629 1253 2704 Caria,
1266 2649 1340 2711 quos
1378 2666 1397 2694 ι

267 2715 1021 2794 premiisatquelunaribusamplissimisclouastis.
1044 2714 1286 2777 EtMacedanas
1295 2714 1343 2776 ll·

273 2795 423 2879 lyriosque
434 2796 542 2858 liberos
551 2817 613 2858 esse
625 2799 831 2878 (accedimus)
837 2800 964 2882 jrrhetic,
978 2821 1064 2881 quum
1075 2800 1240 2876 servierint,
1254 2809 1342 2862 ante·

273 2900 363 2962 quam
384 2880 529 2943 vobiscum
547 2883 714 2945 bellarent.-
738 2888 805 2965 (uec
818 2885 990 2969 crp'usquam
1000 2885 1144 2967 fortuna
1159 2886 1339 2963 invidemus,

218 3034 222 3039 ,
272 2966 363 3027 immo
374 2968 562 3049 agnoscimus
572 2968 751 3029 clementiam
762 2972 873 3050 populi
881 2970 1027 3049 Romani)
1039 2969 1185 3044 Rhodios,
1198 2971 1342 3051 quinidii

160 3070 166 3081 ·
272 3049 361 3113 aliud
374 3054 463 3134 quani
478 3051 653 3134 quieverunt
674 3052 729 3115 hoc
744 3053 829 3131 bello,
846 3057 945 3118 laertes
954 3077 993 3117 ea
1005 3054 1222 3137 sociisfireturi
1235 3057 1338 3118 estis?

274 3135 361 3199 Certe
372 3137 490 3218 quidem
505 3158 555 3199 vos
565 3139 634 3201 estis
644 3138 787 3215 Romani,
801 3140 853 3222 qui
864 3140 1051 3223 ideofelicia
1066 3139 1254 3202 bellavertra
1264 3161 1339 3215 esse,

271 3222 346 3301 quia
358 3220 448 3300 justa
468 3221 539 3297 sint,
556 3244 627 3303 prce
640 3222 835 3304 vovissetis,
851 3247 904 3288 nec
918 3235 980 3288 tam
995 3227 1079 3287 evita
1101 3246 1209 3296 eorum,
1225 3225 1341 3307 ”quael
1414 3246 1451 3273 ··

270 3305 409 3383 maeatis,
420 3326 513 3386 quam
516 3309 689 3389 principiis,
700 3312 780 3393 quod
789 3332 849 3371 non
857 3311 921 3371 sine
930 3331 1035 3372 carnea
1046 3311 1228 3391 accipiatis,
1236 3310 1338 3394 glori-

270 3388 375 3450 amini.
413 3389 560 3454 Messana
576 3395 609 3455 in
623 3394 732 3457 Sicilia
746 3395 923 3477 obprcgnata
936 3395 1226 3478 Karthaginienses,
1240 3396 1338 3459 Athe-

268 3492 319 3533 noe
331 3473 512 3557 obpugnata
525 3487 555 3540 et
571 3479 693 3542 Gracia
703 3480 735 3541 ia
749 3482 920 3563 servitutem
929 3482 1044 3560 petita,
1059 3489 1091 3543 ct
1104 3478 1227 3562 adjutra
1242 3481 1338 3544 Han-

269 3556 356 3620 nibal
364 3562 505 3640 pecunia,
522 3565 658 3641 auxiliis,
674 3566 856 3647 Philippum
872 3565 1140 3648 hostemfecerunt.
1167 3566 1339 3630 Antiochus

303 3714 1229 3792 rianuamianuaimramamnsnerauneugnnauoneoron.
1256 3734 1335 3780 ‘aaa

268 3785 411 3833 mennas
421 3788 495 3834 Gran.
508 3787 693 3856 [deducebamur]
706 3795 774 3876 Cres.

300 3942 332 3989 98
347 3944 381 3990 Et
398 3944 586 4013 tribempkbts]
604 3947 702 4005 Supple‚
724 3960 783 3994 aava
813 3950 1031 4005 timavmuabiv
1041 3949 1187 4015 adjecisset.
1220 3951 1339 4012 Sigamm

267 4006 369 4114 ma:
389 4009 490 4068 evemplo
516 4010 704 4055 mammatae
724 4012 782 4057 huic
812 4015 928 4135 {algerum
937 4017 1096 4139 ms
1112 4018 1196 4064 utinm
1214 4026 1258 4062 aus
1278 4027 1335 4075 pro·

299 4128 331 4175 94
346 4132 387 4177 Ba
404 4133 493 4180 rarum
513 4133 704 4199 dumdemiam]
720 4137 781 4183 Gro-
844 4141 876 4187 96
894 4140 960 4196 Quod
970 4142 1079 4205 mamb]
1093 4142 1147 4190 Hoc
1157 4142 1333 4192 demandav-

267 4191 634 4257 aortuasmendateemttvna
812 4205 891 4251 novio.
924 4206 1213 4268 Ansaquoavtmttcattu.

298 4249 330 4296 96
345 4254 413 4300 Dosa
427 4255 531 4317 serentes
547 4259 720 4327 dcdwbamar]
738 4262 781 4310 Ul·
