2942 4750
464 161 528 220 DE
558 160 904 232 PONDERIBUS,
931 163 984 220 &e
1221 158 1268 215 ciii

218 322 319 389 Librs·
333 323 481 389 Romans
494 327 627 405 ermina
642 327 760 403 Attice,
772 326 939 390 unciarum
957 320 1176 388 Purisiensium
1193 327 1399 406 193.1ndic111us

218 409 322 475 Uncie
338 410 493 488 Romanu,
508 434 682 498 granorum
698 421 771 476 600.
1270 395 1406 504 {ff

216 482 388 574 Dendius,
399 498 424 561 si
434 497 476 562 ed
487 520 625 562 severum
636 497 876 563 estimationem
889 494 1080 580 exigeretur,
1088 514 1261 579 granorum
1270 520 1375 582 rumque
1382 533 1425 567 ve-

174 600 241 643 essc
255 582 405 646 debuerat
420 592 473 651 75.
488 583 542 647 sed
557 584 634 668 quis
647 605 706 647 usu
717 595 878 664 receptum
893 581 1006 659 fueret,
1019 591 1054 644 ut
1067 591 1195 644 centum
1210 580 1352 662 ‹le-terum
1363 599 1394 631 ex

83 668 92 687 ⁰
173 665 255 729 narii
273 667 305 730 in
329 667 442 732 libram
461 669 703 751 imputarentur,
727 669 851 733 habitus
871 680 918 731 est
939 689 958 731 s
979 665 1071 731 nobis
1091 685 1262 751 granorum
1272 656 1428 760 iffi&

175 753 397 817 tentumruodo
412 762 464 821 72.
1274 779 1384 825 sumno

216 836 385 903 Druchms
398 861 457 923 psr
471 851 618 904 censetur
631 840 770 907 denario.
1275 855 1338 889 rum.

219 922 404 1001 Quinsrius,
420 946 593 1012 granorum
610 936 660 991 96.

220 1007 397 1087 Sestertius,
412 1033 585 1097 granorum
604 1022 657 1076 18.

219 1093 415 1173 Sestertium,
431 1097 496 1160 sive
516 1097 601 1165 mille
622 1095 801 1178 nummum,
825 1113 1000 1159 marcarum
1024 1093 1148 1181 argenti
1162 1103 1193 1159 3.
1209 1114 1268 1157 un·

175 1177 297 1243 ciarum
313 1189 343 1248 7.
358 1204 530 1269 munorum
548 1192 621 1249 144.

175 1318 178 1321 .
221 1263 393 1331 Talentum
411 1268 565 1345 Atticum,
581 1290 761 1333 marcarum
776 1266 897 1366 argenti
914 1275 965 1331 93.
980 1266 1147 1331 unciarum
1162 1274 1193 1330 6.

221 1352 278 1426 As,
301 1353 445 1436 quandiu
465 1354 540 1421 deni
561 1354 739 1431 denarium,
760 1352 922 1417 huncum
944 1353 1070 1414 semisse
1091 1350 1270 1415 sestertium

177 1434 397 1514 conficiebant,
419 1439 593 1503 aestimstus
610 1461 630 1501 s
650 1436 743 1501 nobis
771 1452 818 1501 est
842 1435 950 1523 granis
971 1437 1094 1521 urgenti
1110 1445 1162 1514 74:
1185 1446 1272 1520 post·

177 1542 310 1607 ecquem
330 1523 472 1588 senideni
493 1526 524 1587 in
545 1525 720 1601 denarium,
736 1522 883 1608 quaterni
898 1524 930 1585 in
946 1522 1122 1586 sestertium
1136 1520 1273 1606 conjecti

179 1620 264 1684 sunt,
279 1608 387 1693 granis
402 1610 524 1695 urgenti
539 1609 589 1687 tl.

224 1692 309 1757 Hoec
323 1693 413 1757 nobis
428 1695 595 1759 estimatio
609 1714 650 1758 ex
664 1694 842 1779 ponderum
859 1693 983 1757 ratione
997 1690 1138 1754 suffecit:
1161 1690 1194 1753 in
1210 1711 1275 1774 que

179 1777 276 1862 siqui
291 1779 333 1843 ob
356 1780 554 1845 insolentium
573 1779 704 1845 fortusse
725 1777 903 1855 hoerebunt,
926 1791 958 1841 et
972 1776 1110 1862 aliquem
1130 1774 1273 1839 obscuri·

176 1865 252 1933 ‚tatis
269 1864 458 1931 nubeculam
478 1888 639 1951 superesse
659 1877 842 1953 querentur,
866 1864 1131 1946 Turonensesque
1152 1859 1274 1925 libellas

180 1960 213 2012 et
229 1949 356 2028 solidos,
379 1951 505 2020 notiore
524 1953 664 2029 nomino,
686 1951 921 2028 desiderabunt,
940 1950 978 2012 iis
994 1946 1181 2011 facillimum
1203 1946 1274 2023 erit,

181 2030 314 2101 definito
335 2037 433 2101 scmel
453 2039 485 2101 in
507 2038 621 2103 libellis
643 2037 813 2122 solidisque
835 2034 1075 2100 Turonensibus
1097 2050 1275 2097 marcarum

182 2120 251 2184 suri
264 2133 297 2184 et
315 2123 438 2209 argenti
459 2125 572 2205 pretio,
595 2122 641 2187 ud·
655 2123 734 2186 illud
756 2121 900 2205 pondera
918 2143 990 2205 quae
1004 2121 1039 2183 in
1053 2119 1138 2183 notis
1159 2119 1275 2182 nostris

181 2226 333 2290 expresse
344 2209 520 2291 repererint
532 2210 582 2273 exi
606 2228 669 2271 ere.

227 2290 378 2375 Superest
391 2302 428 2355 ut
440 2292 562 2377 aliquid
577 2230 618 2355 de
633 2293 788 2355 mensuris
803 2294 854 2354 lon
879 2291 906 2353 is
915 2302 952 2359 ¹et
965 2287 1049 2352 cavis
1063 2287 1200 2351 breviter
1214 2288 1275 2361 dis-
1285 2304 1327 2349 ns
1339 2313 1414 2349 ns·

181 2397 330 2443 serenum.
375 2378 508 2443 Initium
523 2378 580 2442 'lric
595 2401 613 2442 s
627 2378 718 2463 pede,
739 2314 1008 2464 quemadmodum
1028 2374 1060 2438 in
1082 2372 1276 2459 ponderibus
1285 2379 1372 2415 ⁸⁰²¹&

183 2462 309 2544 elibrs,
323 2463 501 2527 faciendum
518 2464 652 2529 videtur.
1166 2466 1168 2469 ⁴

228 2548 287 2613 Pes
311 2550 473 2614 Romanus
497 2552 694 2635 Capitolinus
712 2552 753 2616 eb
773 2549 1018 2637 diligentissimis
1041 2548 1151 2613 talium
1171 2570 1275 2613 rerum
1286 2561 1332 2607 Pes
1343 2559 1435 2604 noma-

184 2631 435 2720 indugstoribus,
452 2636 552 2701 sedet
569 2636 866 2704 Mathematiosrum
878 2635 1112 2718 disciplinarum
1129 2635 1333 2717 pontimi-¹¹9⁸
1343 2622 1420 2732 ἓξ

183 2720 244 2783 mis
260 2721 343 2799 viris,
357 2722 492 2788 Picardo
505 2735 536 2787 et
552 2724 701 2802 senentio,
715 2745 833 2808 magna
847 2744 919 2787 cum
935 2743 1011 2786 curs
1025 2720 1217 2796 observatus,
1230 2721 1277 2783 in·
1287 2701 1404 2812 ffifflm

185 2818 297 2871 ventus
310 2821 357 2871 est
370 2821 476 2894 partes
490 2807 607 2876 habere
617 2811 692 2875 659.
706 2809 757 2874 vcl
772 2815 866 2892 ⁶53l·
882 2807 989 2893 quales
999 2829 1055 2891 pes
1070 2819 1176 2870 noster
1190 2805 1280 2872 Puri·
1290 2816 1364 2862 Peru

186 2891 297 2956 siensis
311 2893 407 2958 hebet
422 2902 505 2963 720:
530 2916 566 2960 nc
580 2896 715 2980 proinde
732 2917 798 2960 non
814 2909 896 2958 totos
916 2894 1032 2958 habere
1050 2894 1198 2958 undecim
1212 2892 1282 2976 pol-

104 3025 108 3032 ·
185 2976 262 3042 lices
286 2978 487 3060 Psrisienses‚
511 2983 653 3065 quumvis
675 2980 717 3044 sb
741 2975 779 3044 iis
798 3002 911 3061 purum
936 2981 1024 3056 absit,
1049 2999 1164 3061 nempe
1185 2978 1282 3060 psulo

186 3061 259 3146 plus
274 3084 340 3127 une
352 3062 474 3128 decimu
492 3066 616 3148 pollicis
636 3077 736 3149 perte.
782 3065 860 3129 Hoc
878 3064 1047 3128 discrimen
1061 3065 1144 3126 inter
1161 3062 1282 3128 Rome·

186 3168 263 3212 num
278 3160 514 3234 nostratemque
531 3152 626 3235 pedes
642 3148 728 3213 hund
743 3171 818 3213 sane
838 3170 972 3233 porrum
986 3161 1042 3211 est.
1087 3146 1119 3211 T
1120 3169 1212 3210 nmen
1227 3170 1283 3232 pe-

174 3232 261 3298 fd'em
285 3235 480 3312 Romanum,
496 3248 528 3299 et
541 3237 608 3320 ejus
627 3247 745 3319 partes,
767 3247 799 3298 et
820 3234 952 3298 omnino
974 3253 1135 3300 mensurus
1156 3230 1281 3319 longus,

187 3331 304 3401 prester
318 3322 454 3386 studium
469 3332 502 3384 ct
515 3322 659 3403 milliare,
673 3319 715 3386 sd
732 3320 831 3384 nostri
848 3317 938 3405 pedis
951 3318 1031 3405 regii
1045 3317 1177 3381 modum
1192 3339 1283 3382 revo-

188 3424 262 3468 care
274 3405 309 3469 in
322 3409 407 3470 notis
421 3407 629 3493 negleximus,
645 3419 814 3491 propterea
831 3404 916 3491 quod
931 3426 991 3471 nec
1005 3404 1086 3470 tenti
1098 3426 1165 3471 esse
1179 3403 1283 3471 visum

176 3501 246 3566 rest,
261 3505 294 3553 et
307 3512 358 3555 res
370 3491 530 3558 facillime.
1143 3544 1147 3553 .

232 3573 296 3640 sed
319 3597 425 3660 operm
447 3578 582 3660 pretium
598 3592 645 3641 est
662 3600 754 3644 nosse
775 3599 871 3663 quum
893 3579 1048 3643 rationem
1069 3576 1223 3642 heberent
1241 3575 1283 3642 sd

179 3659 302 3744 'pedem
318 3675 431 3728 ceteroe
445 3664 648 3763 antiquorum
663 3685 831 3728 mensures.
1134 3725 1137 3730 ,

179 3790 184 3798 -
235 3743 297 3810 Pes
317 3748 482 3814 Romanus
500 3748 652 3814 dividitur
671 3750 704 3812 in
725 3760 862 3835 quatuor
879 3752 1020 3834 palmos,
1030 3746 1197 3813 duodecim
1213 3750 1364 3832 pol-redis
1375 3763 1424 3810 tto

188 3830 275 3910 lieet,
290 3831 407 3918 digitos
422 3832 569 3898 sedecim.
1292 3827 1424 3887 manipu-

236 3916 383 3993 Cubitus,
398 3919 431 3982 in
446 3919 525 3984 dues
539 3919 723 4003 spithnmss,
738 3942 794 3986 sex
808 3917 940 4004 palmos,
957 3918 1067 3983 decem
1081 3929 1113 3984 et
1127 3931 1201 3984 octo
1215 3895 1395 4003 pol-‘cefffflm
1405 3969 1450 4016 p„

191 4002 428 4154 lcffimm
443 4016 475 4068 et
488 4004 602 4092 viginti
621 4006 750 4093 digitos.
794 4006 907 4090 Itsque
928 4003 1054 4069 cubitus
1069 4026 1127 4089 per
1141 4017 1210 4069 erst
1223 4027 1285 4070 ses-
1294 4020 1436 4080 sequpen

181 4110 391 4262 Ι(μ’Ἥέςιειὲιιιιι
406 4186 495 4242 nctus
510 4175 593 4242 duos
605 4177 776 4264 qnsdrstos
795 4173 993 4252 continebat,-
1004 4197 1142 4260 quorum
1156 4178 1422 4264 quilibetlw

194 4272 320 4327 centum
336 4273 368 4328 et
381 4262 492 4351 viginti
507 4262 605 4350 pedes
617 4273 867 4411 quequnvenugt
875 4261 1031 4413 dmm
1075 4263 1289 4352 Imqu‘luss‘·
