2942 4750
474 187 819 265 PRAEFATIO.
1101 190 1192 265 xxxi
1230 190 1233 193 ’

18 288 107 315 ..ι

108 458 112 464 .
152 395 293 469 Vemm
319 396 507 472 enimvero
533 388 818 496 pertinax'illud
844 395 1014 492 ejusdem
1040 398 1089 471 de
1113 407 1192 473 mu³

103 510 216 584 tuatis
229 535 252 582 a
265 510 427 607 Polybio
444 512 577 611 opibus
594 512 791 599 silentium,
804 535 884 586 non
896 511 1066 584 videmus
1081 536 1195 606 quam

47 722 52 733 Ι
102 625 380 699 excusationem
408 628 545 700 habere
570 627 698 723 possit.
748 627 877 723 'Atque
905 633 949 698 ut
975 624 1016 697 id
1042 623 1197 721 planum

68 836 69 839 Ἴ
101 738 294 829 faciamus,
321 743 505 838 fingamus
526 746 603 816 non
618 742 822 815 maximam
838 738 1196 837 Polybianae'histo·

51 911 58 921 .
102 852 165 927 riae
191 865 346 952 partem,
365 858 434 930 sed
456 866 575 930 totam
600 881 696 944 eam,
722 864 865 952 quanta
884 863 1026 952 quanta
1046 853 1124 940 tirit,
1142 840 1205 927 in·¹

25 1024 36 1055 ,
102 968 307 1044 tercidisse.
370 970 442 1046 Cui
474 980 644 1045 nostrum
672 970 769 1045 Livii
801 970 940 1066 scripta
970 967 1198 1066 pervolventi

19 1134 20 1181 ,
61 1084 244 1183 greniret
271 1084 310 1158 in
339 1095 503 1160 mentem
530 1085 722 1182 suspicari,
749 1109 836 1159 eum
864 1092 992 1158 totae
1021 1092 1128 1157 tanta
1149 1107 1199 1156 ex

19 1196 20 1199 ’
105 1194 267 1293 Polybio
283 1200 322 1273 in
338 1225 445 1274 suam
462 1224 541 1274 rem
552 1200 716 1288 vertisse,
729 1225 801 1274 nec
818 1200 893 1273 fere
908 1199 1117 1297 quidquam
1133 1197 1198 1272 ali·

19 1382 20 1389 ,
104 1312 211 1407 cujus
237 1315 416 1389 momenti
441 1315 481 1388 in
497 1315 604 1389 bello
621 1314 862 1400 Annibalico,
886 1338 930 1387 ac
952 1314 1138 1411 praecipue
1159 1313 1199 1387 in

103 1426 212 1501 bellis
229 1429 409 1502 adversus
424 1438 531 1524 reges
544 1427 773 1525 Philippum,
787 1426 1031 1513 Antiochum,
1044 1426 1198 1516 Persen,

103 1540 254 1627 habere,
272 1544 376 1637 quod
392 1565 471 1615 non
485 1541 575 1614 inde
591 1542 767 1615 haustum
783 1541 854 1615 sitt
888 1540 964 1615 Per
984 1540 1089 1615 illum
1110 1552 1199 1639 ergo
1312 1572 1315 1576 ·

102 1677 185 1727 non
210 1654 322 1741 stetit,
349 1655 548 1753 quominus
575 1654 725 1751 Polybii
748 1655 790 1729 in
817 1678 903 1729 eum
929 1655 1060 1743 merita
1087 1656 1201 1752 longa

103 1776 218 1842 nocte
243 1780 480 1865 urgerentur:
508 1777 619 1866 atque
645 1769 754 1858 adeo,
779 1769 924 1844 etiamsi
949 1769 1050 1861 fraus
1076 1769 1200 1843 abbre-

68 1966 70 1969 ¹
103 1881 164 1968 rit,
194 1907 264 1956 nec
293 1907 340 1956 eo
365 1882 523 1957 consilio
547 1884 704 1958 tacuerit
729 1883 856 1958 Livius
883 1892 927 1957 ut
951 1906 1035 1957 sese
1059 1882 1201 1957 firrtivis
1353 1920 1355 1927 ·

103 1995 292 2071 coloribus
308 2008 469 2085 ornaret,
487 1997 633 2072 videtur
648 2009 776 2073 tamen
795 2022 874 2073 non
898 1998 990 2073 satis
1006 1996 1146 2073 liberali
1162 1997 1202 2071 in

104 2108 308 2206 Polybium
325 2113 450 2186 animo
467 2113 591 2200 brisso,
613 2137 683 2187 nec
706 2114 984 2210 obtemperasse
1007 2111 1061 2186 illi
1085 2136 1200 2210 quam

37 2306 51 2325 ὗ
104 2244 237 2299 omnes
253 2225 343 2299 boni
359 2226 399 2298 in
415 2226 592 2300 cordibus
608 2225 835 2322 insculptam
850 2233 983 2321 gerunt
1003 2225 1200 2299 beneficio-

42 2326 62 2339 “
103 2362 190 2412 rum
214 2338 299 2435 legi,
318 2349 365 2416 xut
388 2340 453 2438 qui
479 2339 698 2413 beneficium
724 2339 880 2436 accepit,
898 2337 1024 2435 palam
1048 2338 1144 2412 illud
1164 2349 1202 2412 et

103 2453 244 2551 ubique
269 2454 459 2550 praedicet,
482 2463 521 2528 et
541 2454 580 2527 in
596 2456 678 2548 ejus
697 2454 869 2528 notitiam
885 2453 1012 2550 cupiat
1036 2455 1202 2530 omnium

106 2569 334 2655 mortalium,
357 2569 389 2643 si
411 2569 488 2642 heri
505 2568 635 2666 possit,
651 2578 690 2642 et
706 2569 815 2642 detur
830 2567 993 2655 occasio,
1011 2569 1202 2645 conscien-

106 2681 201 2756 tiam
217 2684 415 2759 advocare.
834 2753 839 2756 .
1307 2749 1311 2756 .

159 2797 282 2873 Erunt
313 2809 440 2872 tamen
473 2798 629 2873 sortasse
661 2798 725 2895 qui
758 2798 1028 2896 potiusquam
1057 2798 1203 2875 livium

106 2913 289 2988 damnare
317 2913 390 2987 hoc
419 2913 570 2987 nomine
598 2914 816 3001 sustineant,
847 2913 978 2987 malint
1011 2914 1202 3013 suspicari,

30 3039 36 3052 '
107 3052 207 3112 eum,
233 3027 297 3100 ubi
322 3028 481 3123 primum
498 3026 661 3122 Polybio
677 3029 732 3101 uti
755 3030 852 3102 duce
876 3037 1060 3124 potuerat,
1077 3028 1202 3115 idest,

108 3139 212 3214 circa
235 3150 405 3238 tempora
429 3140 538 3238 primi
553 3139 695 3213 'Punici
720 3139 820 3225 belli,
843 3165 929 3236 quae
953 3163 1041 3236 pars
1059 3140 1203 3214 liviani

109 3255 232 3351 operis
256 3255 453 3342 intercidit,
480 3254 717 3328 testificatum
742 3251 867 3338 firisse,
893 3277 934 3324 se
958 3252 1079 3325 multa
1102 3253 1204 3327 dein·

108 3394 199 3466 ceps
222 3371 270 3443 ab
286 3393 333 3443 eo
353 3379 619 3456 mutuaturum,
643 3381 682 3442 et
702 3392 751 3441 ex
772 3367 842 3441 illo
859 3367 1092 3464 potissimum
1117 3395 1204 3447 auc·

108 3492 191 3555 tore
216 3485 522 3581 depmmpturum
537 3507 583 3556 ea
598 3508 682 3579 quas
698 3483 738 3556 in
762 3491 867 3579 parte
886 3506 965 3557 non
989 3485 1205 3581 poenitenda

19 3591 53 3632 re
108 3596 260 3694 reliquae
271 3598 354 3690 jam
369 3597 531 3672 historiae
548 3607 809 3694 persecuturus
824 3607 915 3671 erat.

104 3778 106 3781 ,
162 3711 241 3786 Sed
257 3710 495 3786 observemus
512 3711 644 3807 primo,
662 3710 865 3805 Polybium
881 3711 969 3785 belli
982 3710 1118 3786 Punici
1134 3713 1206 3810 pri·

110 3826 173 3914 mi,
200 3836 239 3898 et
262 3848 392 3900 eorum
413 3851 499 3923 quae
524 3824 663 3897 bellum
680 3823 949 3900 Annibalicum
972 3849 1205 3922 precessore,

110 3964 190 4040 non
198 3941 343 4035 justam
358 3939 562 4025 historiam,
586 3940 654 4012 sed
670 3939 891 4014 breviarium
906 3938 1103 4035 quoddam
1118 3962 1206 4013 con-

111 4054 286 4130 texuisse.
338 4053 455 4129 Unde
480 4052 610 4127 merito
636 4053 821 4150 colligitur
840 4076 925 4126 eam
947 4061 1040 4149 quoe'
1054 4077 1078 4125 a
1100 4052 1233 4128 Livio'

18 4127 36 4248 l
111 4169 295 4269 adornata
312 4172 432 4244 hrerat
452 4168 600 4243 illomm
622 4180 833 4266 tempomm
851 4166 1112 4255 narrationem,
1131 4165 1206 4242 Po

18 4307 26 4390 l
