2942 4750
257 426 260 433 ⁵
346 496 930 613 ramrirro

427 760 501 843 ru
546 744 845 840 nivium.
1053 733 1055 737 ’

31 990 43 1033 i
531 1029 731 1075 -0-

19 1202 20 1225 ³
89 1228 234 1333 DUM
254 1244 340 1334 huic
366 1285 474 1337 novoe
494 1262 544 1337 T.
561 1263 659 1338 Livii
683 1260 838 1337 editioni
860 1257 1092 1333 adornanda
1117 1257 1183 1333 da*

90 1396 172 1448 mus
198 1398 362 1472 operam,
379 1379 555 1473 quaedom
576 1378 686 1452 nobis
707 1378 804 1450 inter
817 1375 1019 1471 legendum·
1041 1375 1185 1451 subiere

90 1499 264 1574 mentem,
278 1489 337 1562 vel
354 1492 405 1563 ad
418 1491 565 1565 livium
581 1491 715 1589 ipsum,
730 1490 789 1564 vel
806 1491 855 1563 ad
872 1490 953 1583 ejus
968 1490 1186 1587 interpretes

89 1602 320 1701 pertinentia,
350 1629 434 1700 quae
465 1630 544 1679 non
576 1606 732 1704 ingrata,
763 1615 828 1678 aut
859 1604 1012 1678 omniuo
1043 1603 1188 1677 inutilia

89 1718 275 1815 plerisque
296 1719 498 1815 legentium
520 1722 598 1795 fore
620 1722 874 1819 sperabamus.
926 1719 1004 1792 Sed
1029 1727 1068 1791 et
1082 1716 1107 1791 ii
1123 1716 1189 1814 qui

90 1844 177 1907 ante
203 1858 274 1907 nos
299 1834 338 1907 in
364 1837 499 1910 eadem
525 1837 700 1935 palaestra
720 1837 840 1910 multa
861 1859 948 1910 cum
969 1834 1083 1909 laude
1104 1857 1188 1907 sese

89 1972 286 2022 exercuere
303 1950 508 2027 doctissimi
526 1954 603 2041 viri,
621 1978 699 2028 non
714 1976 838 2050 pauca
853 1959 1089 2037 annotavere,
1107 1948 1186 2046 qui·

91 2065 160 2138 bus
183 2065 397 2139 instructior
427 2069 664 2165 paratiorque
689 2070 742 2141 ad
767 2067 914 2141 Livium
938 2066 1056 2139 lector
1081 2089 1187 2137 acce·

93 2180 206 2254 deret.
253 2179 348 2253 Haec
366 2182 503 2267 omnia,
519 2183 595 2255 sive
607 2192 749 2266 nostra,
767 2180 843 2253 sive
861 2181 908 2252 ab
922 2179 1003 2251 aliis
1019 2186 1189 2249 mutuato

90 2293 166 2368 huc
192 2295 359 2367 conferre
387 2295 508 2367 visum
536 2307 604 2368 est.
658 2294 788 2367 Primo
812 2294 861 2366 de
883 2292 1011 2380 Livio,
1036 2300 1117 2363 tum
1139 2289 1189 2362 de

91 2411 172 2504 ejus
193 2408 398 2484 editoribus
421 2420 460 2483 et
475 2410 758 2507 interpretibus,
785 2406 945 2505 denique
969 2407 1018 2480 de
1033 2403 1190 2482 instituti

92 2524 210 2599 nostri
227 2523 370 2600 ratione
386 2549 551 2622 agemus.

373 2811 597 2898 curor
632 2807 925 2922 aurumi,

496 3019 575 3086 DE
611 3019 790 3085 LIVIO.

30 3257 36 3264 '
95 3222 192 3323 DE
226 3250 322 3324 Livii
351 3249 426 3324 vita
448 3252 597 3347 juvaret
630 3250 912 3350 aliquammulta
941 3249 1131 3336 disserere,
1162 3249 1192 3323 si
1200 3280 1277 3328 Arca
1290 3281 1309 3326 r.

93 3388 180 3459 quae
197 3366 259 3437 via
276 3367 327 3439 ad
351 3392 436 3440 eam
454 3368 663 3442 accuratius
689 3366 994 3465 cognoscendam
1010 3346 1316 3463 inquiren-{²3¹7

92 3492 154 3551 tes
179 3480 300 3552 ferret.
353 3482 501 3557 Natura
523 3483 622 3556 enirn
648 3508 780 3556 omnes
802 3483 972 3580 cupimus
993 3481 1078 3555 illos
1099 3482 1193 3556 cele-

92 3593 245 3667 berrimi
270 3596 431 3670 nominis
453 3598 562 3685 viros,
580 3621 739 3694 qnorum
766 3598 904 3694 scripta
918 3597 1090 3671 mambus
1112 3596 1195 3669 teri-

93 3733 194 3796 mus,
225 3708 371 3807 penitus
401 3737 643 3809 pemoscere3
680 3722 728 3800 et,
759 3712 981 3811 quibuscum
1007 3709 1196 3784 scribenti-

93 3825 169 3898 bus
199 3822 319 3898 amice
352 3827 650 3923 tbmiliariterqoe
681 3828 940 3926 colloquimur,
970 3826 1014 3898 iis
1047 3831 1197 3919 quoque

96 3942 233 4014 adesse
261 3937 487 4015 domesticas
509 3968 568 4016 res
594 3942 777 4032 civilesve,
795 3943 957 4043 privatas
982 3936 1197 4038 publicasve

93 4057 322 4152 gerentibus.
375 4057 453 4131 Sed
478 4058 664 4156 plerisqre
688 4060 911 4159 scriptorum
935 4056 1007 4129 hoc
1030 4051 1196 4150 contigit

93 4182 152 4258 ut,
173 4172 263 4246 dum
286 4179 493 4249 ceterorum
511 4173 612 4252 dicta
635 4175 809 4275 factaque
830 4197 967 4271 magno
989 4194 1079 4248 cura
1095 4165 1197 4246 colli-

152 4312 244 4362 von.
264 4312 320 4362 ιν.
631 4292 683 4365 *A
