2942 4750
511 97 857 184 RRAEFATIO.
1184 136 1233 183 xv

125 333 215 382 non
239 318 438 408 potuemnt
454 335 499 383 ea
515 335 600 407 qua
617 312 667 384 ad
684 311 795 406 hujus
814 311 985 405 ejusdem
1001 312 1074 387 loci
1091 315 1236 393 calcem

128 448 157 496 a
177 424 338 520 Polybio
354 449 422 522 pro
439 449 555 500 causa
572 426 776 500 Poenorum
795 427 945 521 adjecta
961 438 1059 503 sunt.

185 538 277 612 Una
305 540 472 615 defensio
505 541 676 627 occurrit,
707 542 739 623 si
769 562 904 639 nempe
937 542 1064 618 Livius
1088 544 1136 617 -in
1168 546 1235 620 lib:

62 648 66 655 ¹
127 652 226 726 XX.
253 654 319 750 qui
334 654 533 741 intercidit,
550 655 603 728 ita
618 666 832 730 narraverat
856 680 903 729 ea
921 683 1007 754 quae
1023 660 1074 731 ad
1100 660 1232 736 subac-

125 780 212 843 tam
226 793 249 842 a
263 769 447 842 Romanis
462 769 674 843 Sardiniam
686 771 882 866 pertinent,
883 794 886 799 ·
896 784 939 845 ut
952 774 1038 847 illos
1051 774 1234 875 intercep

35 950 55 980 ⁸
124 892 179 957 tre
199 909 266 981 per
289 884 460 957 fraudem
485 884 597 978 hujus
621 884 752 959 insulae
773 887 886 983 culpa
910 889 1103 964 liberaret:
1130 895 1232 968 unde

21 1040 22 1077 r
61 1010 68 1035 ⁸
124 1009 362 1097 sequeretur
372 1024 469 1084 eum,
492 1026 577 1097 quae
599 1025 622 1072 a
648 999 845 1096 Polybio
835 1026 874 1076 rn
899 1006 1122 1079 contrariam
1147 1034 1231 1123 par·

25 1134 29 1145 ’
124 1125 208 1188 tem
235 1114 426 1213 disputata
439 1125 538 1202 sunt,
556 1138 633 1188 non
650 1127 829 1245 tanquam
856 1118 1015 1197 adversa
1033 1120 1229 1212 Romanis,

125 1232 199 1305 sed
215 1238 396 1328 tanquam
413 1232 519 1317 falsa,
538 1232 800 1328 suppressisse.
848 1232 990 1307 Verum
1006 1259 1052 1309 eo
1068 1237 1230 1312 elevare-

123 1357 190 1421 tur
210 1348 367 1421 fortasse
390 1346 541 1432 crimen,
563 1368 642 1418 non
664 1345 778 1441 plane
802 1358 1030 1442 purgaretur.
1082 1351 1229 1451 Magna

123 1473 187 1536 est
210 1462 311 1536 enim
328 1460 478 1556 Polybii
504 1459 717 1544 auctoritas,
734 1461 799 1557 qui
814 1470 853 1533 et
868 1462 1023 1560 propior
1045 1464 1118 1540 illis
1136 1479 1232 1544 tem·

122 1576 282 1677 poribus
304 1575 383 1661 fuit,
401 1584 440 1646 et
456 1573 761 1670 diligentissimus
778 1574 908 1649 talium
934 1601 1056 1652 rerum
1071 1580 1226 1679 indaga-

123 1706 198 1777 tor,
216 1702 254 1765 et
281 1690 464 1765 Romanis
489 1715 580 1764 sane
597 1689 751 1777 amicust,
769 1714 865 1788 quos
885 1693 1025 1790 passim
1051 1695 1226 1772 laudibus

123 1807 306 1883 cumulat.
359 1807 487 1889 Quum
511 1805 622 1901 igitur
646 1805 886 1902 gravissimus
896 1807 1029 1901 judex,
1052 1809 1131 1883 sine
1147 1810 1226 1885 ulla

123 1922 365 1998 cunctatione
399 1931 462 1994 aut
501 1918 744 2007 dubitatione,
779 1947 895 1996 causa
927 1924 1089 2020 cognita,
1124 1926 1224 2001 clare

121 2049 339 2136 ceruumque
364 2036 579 2134 pronuntiet
609 2037 806 2111 Romanos
835 2049 968 2113 contra
987 2040 1062 2133 jun,
1090 2052 1224 2119 contra

120 2155 265 2229 foedera
280 2153 424 2237 fecisse,
443 2153 534 2224 dum
548 2151 761 2225 Sardiniam
777 2150 956 2238 invasere,
970 2154 1121 2228 minime
1137 2182 1221 2253 pro·

121 2271 231 2342 lecto·
248 2267 404 2341 dubium
429 2277 496 2351 est,
514 2263 606 2360 quin
624 2264 763 2349 livius,
781 2265 936 2337 sialiter
961 2280 1137 2355 senserat,
1157 2281 1229 2344 aut·

122 2384 333 2481 scripserat,
360 2403 464 2454 caco
488 2380 527 2452 in
552 2380 718 2475 patriam·
739 2402 865 2451 amore
890 2393 1174 2479 praeoccupatus
1197 2412 1239 2466 a

120 2523 208 2573 vero
227 2495 459 2571 aberraverit.

173 2615 308 2710 Neque
334 2636 405 2686 nos
426 2610 637 2709 quisquam
654 2619 786 2707 arguat
806 2609 969 2685 severius
992 2636 1102 2710 agere
1131 2641 1218 2691 cum

123 2730 239 2815 Livio,
261 2739 299 2803 et
323 2727 493 2825 sequiora
518 2726 818 2824 interpretatione
843 2751 889 2800 ea
907 2726 961 2800 illi
986 2728 1074 2804 vitio
1101 2742 1216 2807 verte

62 2941 66 2946 Ι
121 2871 170 2929 ιι,
188 2873 270 2946 quae
296 2842 514 2918 clementius
532 2867 555 2914 a
571 2841 734 2938 benigno
759 2841 897 2916 lectore
922 2843 1042 2942 accipi
1058 2846 1215 2943 possint.

21 2971 26 2994 '
121 2962 272 3040 Nemini
292 2957 546 3056 concedimus,
563 2968 606 3030 ut
620 2957 763 3051 majore
778 2979 892 3055 quarn
918 2981 987 3032 nos
1006 2984 1132 3034 amore
1150 2973 1217 3037 aut

122 3075 363 3155 admiratione
389 3072 566 3146 eximium
593 3072 811 3167 scriptorem
840 3083 1106 3168 prosequatur:
1146 3077 1215 3151 sed

121 3195 243 3270 vincat
267 3189 414 3263 veritas.
467 3185 508 3261 Si
533 3209 609 3258 uno
626 3195 772 3257 tanturn
798 3186 900 3280 apud
926 3209 1023 3272 eum,
1042 3196 1107 3259 aut
1123 3189 1212 3262 alte-

120 3335 160 3385 ro
183 3310 222 3382 in
237 3309 323 3381 loco
344 3304 505 3377 obscura
530 3300 656 3398 aliqua
681 3299 915 3382 delitesceret
939 3302 1102 3398 suspicio
1127 3327 1211 3401 pro-

119 3423 295 3524 pensioris
321 3420 360 3492 in
387 3418 581 3492 Romanos
608 3416 733 3505 animi,
755 3415 956 3490 inhumane
969 3419 1127 3508 laceret,
1146 3421 1210 3518 qui

20 3520 63 3553 ”
119 3539 255 3616 crimen
278 3544 435 3630 urgeret,
453 3558 498 3607 ac
514 3556 592 3608 non
614 3531 739 3628 potius
764 3556 842 3604 rem
867 3532 1010 3607 mollire
1035 3535 1210 3634 interpre-

118 3654 232 3731 tando
255 3659 462 3725 conaretur.
513 3648 569 3721 At
592 3647 822 3744 erumpentia
837 3648 1004 3747 undique
1027 3653 1191 3746 hujus
1153 3679 1216 3727 ιιι

118 3771 177 3846 rnir
168 3769 348 3842 affectus
371 3763 578 3840 comissima
597 3773 816 3860 argumenta
830 3789 900 3839 nec
917 3765 1055 3838 nobis'
1045 3791 1116 3861 rpsr
1106 3767 1207 3905 dis-

117 3885 296 3968 simulare,
314 3905 383 3954 nec
401 3879 544 3963 ceteris,
561 3903 772 3976 possumus.

162 3996 303 4074 Velut
293 4022 333 4071 m
359 3994 534 4093 Scipione
559 3994 740 4076 Africano
765 3995 958 4072 manufesta
983 4001 1128 4069 tenetur
1144 3996 1206 4074 Li·
1191 4027 1274 4079 -ιω
1276 4032 1348 4081 aa„

1213 4095 1359 4175 exemplum:

118 4117 227 4191 rius.¹
255 4114 371 4214 Hunc
397 4111 500 4189 inter
512 4135 577 4186 eos
602 4135 752 4198 omnes,
769 4125 928 4217 qnorum
954 4123 1013 4184 res
1033 4116 1177 4208 gestae'
1167 4141 1221 4204 ιιι·
1224 4162 1344 4222 ,sm

1213 4177 1358 4273 Atricairce

1125 4493 1451 4705 [A
