2942 4750
225 123 380 201 lxxxviii
603 118 957 197 PRAEFAT10.

227 347 286 410 tur
301 345 339 410 et
364 358 451 409 cum
477 333 588 408 tudio
614 340 840 419 moraretur3
865 355 913 405 ne
937 330 977 407 in
1001 328 1047 404 iis
1071 328 1239 418 urbibus,
1264 330 1326 406 lo-
1409 314 1442 422 ⁹.

226 451 292 539 cis,
310 450 531 548 regionibus,
558 473 641 547 qua
666 446 862 545 aliquoties
888 471 911 519 a
936 444 1044 520 Livio
1071 445 1326 544 appellantur,

227 566 414 640 dubitaret
435 591 534 664 saepe
550 565 666 639 lector
680 561 834 636 ubinam
851 559 961 643 deiis
985 560 1200 657 egissemus,
1253 562 1330 637 Sa·
1422 610 1430 622 -

64 699 212 775 rora-ssa
227 682 300 757 tius
316 708 398 757 esse
415 680 585 754 ducimus
601 677 765 751 indicem
782 675 1107 773 Geographicumb
1124 677 1326 765 conficere,
1391 666 1395 687 '

63 765 191 876 ffiiiiii
229 799 278 871 ad
296 798 437 872 calcem
453 795 567 869 totius
584 793 707 890 operis
723 791 1044 886 rejiciendum„in
1068 815 1146 890 quo
1172 817 1219 865 ea
1243 816 1326 865 om·

59 895 189 1014 3⁰33*
227 915 290 988 nia
303 939 387 1011 quae
403 914 456 986 ad
482 908 759 1007 Geogmphiam
779 917 951 1006 spectant
971 932 1019 982 ex
1035 906 1169 981 ordine
1183 906 1325 982 littera·
1401 992 1408 1022 ι

226 1048 308 1105 rum
326 1029 471 1125 digesta
486 1025 725 1124 reperiantur.

64 1170 216 1246 sacram»
276 1144 450 1245 Denique
458 1143 570 1217 etiam
581 1143 631 1214 ad
643 1138 1090 1236 Chronologicaanimum
1101 1139 1322 1233 adjecimus,

62 1234 145 1290 ¹⁰⁸⁰*
226 1261 306 1347 rati,
323 1260 363 1333 id
380 1260 484 1357 quod
501 1283 560 1333 res
576 1267 644 1345 est,
663 1258 794 1329 orbam
810 1281 893 1329 esse
916 1255 1031 1329 altero
1057 1255 1160 1328 velut
1183 1255 1327 1330 lumine

224 1375 428 1461 historiam,
446 1374 517 1449 nisi
534 1372 821 1469 descriptionem
838 1370 1008 1445 locorum
1033 1370 1232 1445 comitetur
1258 1372 1331 1465 de·⁴

64 1514 176 1560 omes·
187 1519 211 1591 a
228 1493 363 1589 scripta
377 1499 551 1566 accurate
564 1498 774 1586 temporum
786 1486 892 1561 ratio.
926 1487 1003 1562 Sed
1014 1485 1183 1585 difficiles
1193 1497 1232 1561 et
1243 1511 1324 1561 mo·

63 1580 218 1702 iiiiii&
228 1632 333 1683 rosas
346 1605 634 1705 disquisitiones,
645 1628 804 1701 quarum
815 1604 897 1676 haec
910 1601 1324 1699 potissimumarsfera·

34 1789 41 1797 .
63 1709 153 1756 '‘m'‘
227 1725 378 1799 sissima
388 1731 456 1811 est
468 1731 648 1819 tanquam
659 1721 707 1794 ab
719 1718 888 1794 instituto
901 1730 1030 1792 nostro
1043 1718 1154 1816 plane
1168 1718 1323 1808 alienas,

226 1838 433 1914 vitavimus.
479 1836 629 1912 Etenim
641 1861 689 1909 ex
702 1834 809 1909 Livio
822 1835 904 1931 ipso
916 1834 1093 1930 expedita
1105 1834 1327 1934 plerumque

224 1977 283 2023 res
305 1962 374 2039 est,
401 1952 465 2047 qni
490 1951 528 2022 in
554 1974 674 2023 annos
691 1960 729 2022 et
751 1949 926 2023 consules
943 1949 1193 2024 narrationem
1214 1976 1324 2026 suam

225 2064 390 2162 digessit.
443 2063 496 2138 Et
508 2073 589 2138 tota
601 2064 813 2153 difficultas,
828 2065 1024 2163 omnisque
1037 2066 1323 2164 doctommdis-

226 2180 348 2257 sensio
365 2206 433 2280 per
448 2181 765 2279 septingentorum
781 2188 819 2255 et
844 2181 1114 2279 quinquaginta
1139 2206 1321 2258 annorum

226 2296 398 2397 spatium,
415 2297 455 2372 in
480 2297 640 2386 duobus,
658 2297 822 2371 tribusve
847 2321 1035 2371 summum
1062 2297 1181 2388 annis,
1200 2325 1323 2375 versa-

225 2425 305 2488 tur:
332 2414 438 2513 quod
454 2413 654 2489 discrimen
677 2423 721 2488 ut
746 2413 794 2486 ab
819 2411 863 2486 iis
888 2413 952 2511 qui
977 2438 1056 2488 rem
1080 2440 1129 2489 ex
1154 2418 1322 2514 professo

225 2540 400 2617 tractam,
417 2530 554 2628 negligi
570 2556 661 2605 sane
676 2554 756 2604 non
772 2529 895 2617 debet,
921 2529 974 2604 ita
998 2530 1111 2605 nobis
1132 2530 1172 2604 in
1197 2532 1323 2629 hujus·

226 2646 331 2723 modi
344 2671 455 2744 opere
465 2645 567 2720 haud
580 2644 707 2743 magni
717 2670 800 2720 esse
809 2646 989 2720 momenti
998 2647 1117 2738 nsum
1127 2657 1198 2723 est.
1247 2646 1324 2722 Ita·

226 2786 300 2859 que
316 2760 487 2857 relegatis
504 2761 734 2858 ambagibus,
752 2761 1043 2837 eruditissimum
1068 2773 1107 2837 et
1122 2763 1323 2839 accuratis·

63 2896 130 2944 anui
141 2896 171 2942 u
227 2874 362 2948 simum
379 2873 497 2945 virum
515 2875 633 2949 Henr.
652 2875 897 2949 Dodvvellum
921 2888 1111 2953 auctorem
1128 2879 1324 2955 secutis'u·

63 2961 122 3007 urba
133 2957 214 3007 condi·

62 3029 193 3072 mm„
229 3013 323 3076 mus,
341 2995 453 3085 atque
470 2988 521 3063 ad
536 2988 618 3083 ejus
641 2999 814 3077 mentem,
841 2999 879 3064 et
903 3017 952 3066 ex
978 2992 1112 3068 Clerici
1136 2995 1322 3094 exemplo,

63 3089 292 3216 ,cffissffqui
308 3105 377 3182 sibi
393 3106 568 3180 eumdem
586 3107 722 3181 ducem
737 3107 853 3182 fuisse
867 3111 1070 3204 profitetur,
1086 3111 1242 3185 summis
1258 3136 1323 3209 pa·

65 3218 219 3279 ⁸¹⁰³⁸¹²⁰‘·²⁵·
227 3224 322 3321 ginis
341 3247 460 3298 annos
478 3224 526 3296 ab
542 3223 633 3296 urbe
650 3223 805 3297 condita
820 3232 859 3297 et
876 3234 963 3298 ante
986 3224 1177 3301 Christum
1192 3237 1322 3302 nauum

227 3338 465 3437 praefiximus.
518 3338 565 3410 In
579 3339 690 3426 notis,
709 3339 741 3412 si
757 3364 842 3438 qnae
858 3338 955 3413 Livii
971 3341 1057 3415 loca
1069 3342 1170 3416 circa
1182 3352 1322 3442 ternpo-

226 3477 310 3526 rum
325 3452 505 3526 rationem
522 3452 757 3549 impeditiora
777 3465 913 3543 essent,
939 3468 1006 3533 sut
1021 3482 1154 3557 parum
1170 3485 1322 3536 secura

227 3577 278 3654 ta,
295 3591 341 3640 ea
356 3566 415 3639 vel
432 3566 630 3666 explicare,
648 3570 707 3644 vel
732 3571 943 3661 emendare,
969 3598 1084 3671 quam
1108 3576 1322 3653 brevissime

226 3680 494 3780 etplanissime
509 3681 624 3772 licuit,
642 3686 768 3761 conati
784 3712 924 3762 sumus.
1278 3738 1281 3744 -

276 3798 392 3873 Hanc
421 3798 531 3897 igitur
556 3822 710 3897 operam
739 3802 846 3876 Livio
874 3803 945 3902 ipsi
968 3806 1218 3902 praestitimus,
1243 3818 1322 3885 mm

228 3913 267 3990 in
283 3915 521 3989 emendando
538 3924 727 4003 contextu,
745 3926 825 3991 tum
845 3919 885 3993 in
908 3920 1143 4019 explicandis
1169 3922 1214 3997 iis
1239 3949 1322 4023 qua

372 4171 527 4237 biudicem
541 4135 780 4255 Gedgrsphicum
793 4197 854 4239 non
866 4180 991 4243 absolvit
1004 4184 1175 4247 Crevierius.
