2942 4750
422 200 514 261 Lis.
534 198 617 261 xm.
650 198 750 258 CAP.
770 199 903 261 xxvn.
1142 212 1181 268 Sl

51 386 55 393 ·
116 364 219 430 resin
240 365 335 442 circo,
353 376 385 431 et
407 363 552 429 ”ovaad
568 373 658 428 notas
672 361 837 429 curriculis
860 364 1329 446 nummndm'et'umma

117 450 203 530 darn,
220 464 253 515 et
270 465 371 517 metas
392 462 478 516 trans
492 452 511 490 *
526 462 559 515 et
579 471 688 515 caveas
706 447 823 516 ferreas
844 472 885 534 pe
901 454 919 490 *
935 451 1224 522 intromitterem*-
1236 452 1262 500 0·
1275 451 1330 500 Π*

114 548 168 601 tur
183 546 202 582 t
217 537 327 601 ferreis
340 541 362 572 ⁴⁰
372 538 405 601 in
420 549 530 602 musta
544 535 673 601 Albano
692 536 886 614 consulibus,
901 550 933 601 et
955 538 1074 602 clivum
1090 542 1186 624 Capi·

115 624 253 687 toiinum
268 623 356 688 silice
370 622 574 687 sternendum
589 635 789 697 curaverunt,
805 635 837 685 et
855 624 1046 707 “porticum
1061 628 1101 690 ab
1117 626 1186 692 aede

116 709 251 774 Saturni
274 710 307 773 in
330 708 525 793 Capitolium
546 707 586 771 ad
609 707 803 787 senaculum,
821 729 859 771 ac
878 710 1029 794 superid
1051 711 1185 777 curiam.

116 793 160 858 Et
173 808 267 859 extra
280 807 405 879 portam
428 794 648 881 Trigeminam
669 794 848 877 emporium
868 791 973 877 lapide
994 809 1183 877 straverunt,

115 880 342 966 stipitibusque
363 894 546 964 sepserunt:
569 891 600 943 et
613 880 773 964 porticum
797 878 958 944 AEmiiism
981 882 1185 949 reficiendam

116 981 287 1032 curarant:
310 968 523 1055 gradibusque
532 965 716 1029 adscensum
727 967 768 1028 ab
783 964 895 1029 Tiberi
907 967 939 1029 in
949 971 1126 1052 emporium
1137 968 1182 1035 fe·

36 1056 43 1073 '
114 1067 239 1117 cerum.
269 1066 303 1116 et
327 1066 417 1117 extra
438 1053 580 1116 eamdem
607 1064 731 1133 portam
754 1052 787 1114 in
810 1053 1002 1117 Aventinum
1024 1056 1182 1136 porticum
1279 1056 1282 1063 ’

116 1137 204 1204 silice
224 1151 416 1218 straverunt,
430 1141 491 1202 ⁴¹et
512 1161 550 1201 eo
570 1135 700 1222 publico
722 1134 764 1200 ab
786 1136 856 1200 ade
877 1137 1010 1203 Veneris
1031 1138 1182 1208 iecerunt.

60 1220 93 1271 “
115 1224 226 1289 Iidem·
236 1224 369 1289 Calatia
381 1239 413 1288 et
434 1224 563 1288 Auximi
579 1243 688 1286 muros
702 1220 863 1291 iaciendos
877 1225 1079 1289 locaverunt:
1103 1249 1181 1293 ven·

18 1366 26 1389 ,
91 1324 94 1331 '
113 1310 255 1397 ditisque
276 1310 322 1374 ibi
341 1310 475 1394 publicis
495 1308 584 1389 locis,
660 1306 778 1384 uniam,
802 1329 875 1392 quae
896 1309 1022 1375 redacta
1042 1326 1119 1392 erat,
1135 1326 1183 1379 ta·

11 1440 13 1447 ›
115 1398 224 1462 bernis
240 1398 364 1482 utrique
378 1395 448 1460 foro
463 1396 584 1460 circum
607 1394 699 1458 andis
720 1407 970 1457 oonsumsemnt
1000 1408 1030 1460 et
1047 1399 1128 1462 altas
1142 1421 1183 1463 ex

114 1485 156 1547 iis
172 1483 303 1547 Fulvius
325 1484 455 1547 Flaccus
478 1486 565 1564 (narn
582 1478 765 1545 Postumius
779 1478 870 1555 nihil,
886 1478 947 1543 nisi
967 1495 1093 1546 senaim
1116 1484 1183 1549 Ro-

112 1571 206 1631 mani
234 1570 386 1652 populive
402 1569 503 1654 jussu,
526 1588 560 1629 se
585 1565 766 1629 locaturum
795 1564 972 1650 ⁴'ipsoram
1001 1570 1182 1652 pecunia⁰)

112 1655 209 1718 doris
222 1654 321 1717 sedem
337 1653 471 1732 Pisauri,
486 1664 519 1717 et
539 1651 669 1727 Fundis,
684 1653 704 1683 ⁴⁴
715 1663 748 1713 et
764 1650 929 1716 Pollentiae
950 1654 1045 1718 etiam
1067 1678 1085 1719 a
1110 1678 1183 1720 uam

114 1739 347 1818 adducendam,
363 1755 396 1804 et
412 1739 542 1804 'Pisauri
563 1738 648 1802 viam
670 1735 757 1801 silice
774 1738 986 1816 sternendam,
1002 1743 1022 1773 ⁴⁸
1033 1753 1066 1804 et
1114 1741 1186 1805 'nu-

115 1848 218 1890 esaarn
241 1849 261 1889 a
282 1850 325 1914 ga
339 1837 358 1873 t
372 1824 511 1891 aviariae.
556 1823 595 1889 ln
611 1824 660 1887 bis
681 1834 714 1888 et
730 1822 814 1889 clo*
828 1845 883 1887 um
905 1824 1153 1889 circumduoend
1167 1836 1185 1872 t

116 1928 150 1976 et
164 1910 282 1977 ‘iorum
311 1911 487 1997 porticibus
515 1910 718 1995 tabernisque
744 1908 967 1988 claudendum,
996 1923 1029 1975 et
1055 1910 1185 1979 “imos

150 2078 183 2126 88
199 2078 251 2127 Ovs
272 2079 303 2127 od
324 2085 389 2127 sotus
413 2079 535 2128 curriculis
556 2091 635 2125 asme-
667 2078 729 2124 clivo
750 2077 886 2138 Capitolino
906 2076 937 2123 ad
956 2078 1096 2134 mandam
1117 2083 1185 2140 stpse

114 2143 209 2206 randis]
230 2142 302 2190 Prius
323 2147 446 2204 legebatur
465 2141 634 2189 numanam:
667 2142 698 2188 ad
706 2143 796 2187 cariam
806 2156 862 2203 quse
872 2147 910 2189 est
919 2156 988 2203 super
998 2143 1023 2188 id
1033 2142 1183 2190 cenandum.

10 2256 11 2273 χ
114 2208 189 2253 male.
223 2207 369 2255 Mendaeum
384 2222 479 2269 quoque
490 2220 541 2253 asse
552 2219 636 2253 vocem
668 2205 750 2251 Possis
760 2213 784 2251 et
794 2221 852 2254 eum
862 2206 934 2253 dumo
946 2206 1065 2267 Ryequio,
1077 2207 1138 2253 libro
1153 2208 1185 2253 de

115 2268 287 2330 uotasjudicat
299 2272 371 2319 ltulv.
382 2273 492 2325 Ursinus,
503 2284 531 2316 ac
542 2271 637 2331 reponit
668 2269 748 2329 Capit.
765 2284 786 2315 e.
802 2270 842 2317 st.
854 2274 933 2331 legere
947 2274 969 2315 ct
985 2270 1133 2317 moslensi
1157 2278 1185 2317 ut

113 2333 236 2398 probabili
247 2333 386 2396 conjectura
396 2341 474 2383 metor.
506 2334 559 2381 Ova
569 2335 635 2381 enim
667 2345 753 2379 senaria
767 2333 799 2378 sit
814 2335 934 2393 porticum
946 2334 976 2379 ab
987 2335 1039 2380 rede
1051 2333 1148 2380 Saturni
1159 2334 1186 2380 in

10 2443 11 2450 ,
114 2397 171 2450 illa,
191 2411 205 2441 e
223 2397 290 2456 ligno
308 2400 432 2452 fabricata,
450 2399 637 2455 imponebantur
669 2397 825 2454 Capitolium,
841 2399 867 2442 id
885 2403 931 2448 est,
946 2397 972 2440 in
986 2397 1108 2454 templum
1118 2397 1187 2442 Jovis

114 2460 252 2524 columnis,
272 2460 401 2517 aliquando
419 2462 492 2510 binis.
511 2459 640 2514 aliquando
671 2457 810 2513 Capitolini,
832 2465 976 2512 porrectam,
993 2464 1019 2501 et
1037 2458 1187 2512 nmmum,

112 2524 255 2585 quaternis,
264 2524 382 2569 admetm
389 2521 453 2566 Chai
460 2518 565 2566 statutis.
593 2517 641 2564 Tot
674 2522 699 2562 st
709 2517 812 2572 mrum.
823 2518 901 2562 locata
916 2529 967 2562 asse
977 2530 992 2563 a
1002 2519 1139 2565 censoribus
1154 2521 1188 2567 ls-

112 2589 161 2636 illa
172 2593 242 2648 mant
253 2598 366 2638 numero,
373 2590 432 2644 quot
442 2583 561 2630 curricula
571 2587 640 2627 mant
671 2581 728 2640 pide
750 2579 815 2625 silice
833 2581 967 2627 sternenda.
1007 2579 1082 2626 Porro
1097 2595 1188 2630 maeu-

115 2652 273 2714 peragenda:
289 2655 389 2708 septena
405 2648 514 2708 proinde,
527 2653 554 2692 ut
564 2647 639 2706 pluri-
670 2643 728 2699 lom,
741 2643 791 2689 aive
801 2642 938 2698 mmm,
953 2645 998 2691 hoc
1014 2643 1080 2691 enim
1091 2659 1186 2708 quoque

116 2729 198 2770 mum,
218 2729 262 2776 pro
279 2719 379 2773 septeno
398 2711 573 2769 curriculqrum
593 2723 637 2756 nu·
669 2709 743 2755 modo
759 2708 936 2763 acrinitensi,
949 2714 1009 2756 testa
1021 2708 1101 2764 Festo,
1118 2712 1186 2759 locus

117 2777 551 2839 maro,quisolannismssimsersc
584 2773 637 2820 Pri-
668 2774 694 2819 in
713 2787 763 2833 quo
780 2776 871 2820 sermm
885 2772 963 2819 tauri
981 2776 1051 2830 sciat,
1072 2778 1124 2823 sive
1142 2790 1186 2837 po-

117 2858 159 2891 mo
176 2844 296 2890 cuniculo
312 2848 417 2902 peracto,
434 2854 513 2888 unum
530 2851 603 2884 orum
623 2852 637 2884 e
669 2838 726 2892 tius,
739 2839 765 2882 ia
781 2851 825 2897 quo
839 2835 937 2882 mkisnt
956 2841 1108 2899 magistratu
1125 2835 1184 2886 daia

122 2905 208 2954 medio'
226 2908 363 2960 tollebatur,
384 2906 490 2952 secundo
517 2903 637 2950 curriculo
668 2905 734 2947 iurat
749 2915 803 2946 cam
821 2901 947 2947 muribus
968 2902 1097 2950 &tuam
1137 2904 1186 2951 Cu·

120 2972 234 3023 alterum.
246 2977 270 3017 et
281 2971 316 3017 sic
327 2971 357 3015 da
371 2969 476 3029 reliquis.
510 2967 571 3013 llasc
586 2968 638 3013 iere
668 2967 730 3013 dam
742 2967 773 3011 de
782 2978 832 3025 qua
841 2965 881 3010 bic
889 2965 978 3025 agitur,
989 2966 1055 3012 idam
1062 2967 1186 3028 liycquius

119 3035 261 3087 samnius,
669 3030 794 3077 existimat
809 3029 884 3075 fuisse
899 3030 993 3075 cadam
1006 3029 1144 3085 hisham,
1155 3033 1186 3077 de

151 3099 185 3146 39
199 3098 321 3153 Et'darm
338 3102 360 3144 rt
377 3101 448 3144 motos
464 3092 563 3158 tmns']
577 3094 639 3142 ilaec
670 3094 779 3155 quavid.
792 3093 898 3139 Macrob.
911 3093 1008 3138 Saturn.
1020 3093 1036 3136 i
1050 3092 1069 3138 1.
1081 3107 1102 3138 c
1116 3091 1154 3139 15.

119 3164 202 3223 explet
222 3168 346 3223 utcunque
365 3160 497 3207 Marcellus
516 3158 637 3212 Donatus,
702 3156 734 3203 tt
751 3157 785 3202 Et
804 3169 829 3202 co
846 3154 945 3214 publico.
968 3158 996 3203 oi
1013 3155 1061 3202 ude
1081 3156 1174 3202 Veneris

120 3227 228 3289 legitque
244 3231 268 3272 ct
284 3226 388 3278 ricdnm,
399 3228 421 3270 et
431 3227 503 3269 nictus
517 3222 638 3268 transitus.
672 3221 813 3280 suspicatur
829 3220 966 3266 Gronovius
984 3225 1007 3268 et
1025 3220 1141 3267 &silicara

121 3291 198 3338 Nobis
208 3291 343 3337 consultius
355 3289 450 3335 videtur
465 3289 547 3338 iocum
563 3285 639 3332 intac-
670 3285 740 3333 oedem
756 3284 856 3331 Veneris.

122 3363 177 3403 tum
194 3355 426 3415 relinquere‚quam
444 3351 509 3397 maie
526 3355 639 3397 curatum
703 3348 860 3407 turpiorum
880 3349 979 3407 pecunia
1000 3347 1096 3413 diociot]
1125 3348 1186 3396 Vas·
1285 3401 1290 3412 Α

123 3420 241 3466 ubibera
275 3418 345 3464 Idem
356 3424 381 3462 et
391 3416 416 3461 ln
428 3415 459 3461 iis
468 3429 524 3475 qure
534 3427 639 3473 sequun-
670 3414 731 3460 bum
742 3409 864 3473 adjectum
876 3417 954 3458 estex
964 3419 1046 3458 mente
1056 3413 1154 3474 Sigonii.

125 3489 166 3530 tur
177 3479 272 3544 §amicat
288 3482 421 3542 legendum
442 3492 503 3534 oasa,
522 3481 545 3524 et
561 3490 641 3523 cancre
704 3475 737 3523 it
751 3475 787 3521 Et
802 3474 932 3531 Polimtie,
954 3477 1023 3522 esum
1043 3491 1126 3537 aquom
1146 3475 1187 3522 oi-

116 3548 219 3608 ferms,
234 3559 280 3606 per
298 3560 356 3605 qaas
377 3544 586 3590 intromitterentur
599 3538 640 3601 se·
672 3538 809 3602 mmmm]
854 3539 901 3587 Vel
928 3541 981 3601 lege
1002 3545 1025 3587 et
1046 3539 1187 3587 Pollentinos

120 3625 164 3659 rae.
193 3609 352 3658 Sstieiicitcr.
376 3604 638 3655 lnCircensibusenim
669 3618 754 3664 marm
769 3602 940 3649 adducendam.-
963 3605 1036 3651 celin
1049 3618 1106 3651 voce
1117 3606 1187 3651 atium

119 3676 185 3724 ludis
196 3689 246 3721 nors
256 3675 337 3719 solnm
348 3686 421 3721 cursu
437 3671 584 3723 certabunt,
596 3669 639 3715 sed
670 3668 756 3714 latebit
772 3680 861 3712 nomen
877 3663 979 3731 alicujus
996 3669 1095 3716 alterius
1112 3669 1187 3720 urbis,

118 3748 145 3788 et
156 3741 265 3787 ferarum
276 3737 339 3783 inter
349 3751 385 3791 se,
395 3741 507 3783 anteum
521 3732 639 3779 bestiariis
671 3733 698 3779 in
707 3744 783 3792 quam
796 3729 896 3777 Fulvius
906 3745 996 3793 aquam
1006 3734 1142 3781 ducendam
1154 3733 1189 3777 lo-

190 3803 364 3850 oeedebantur.
672 3797 771 3844 cavent·

204 3867 238 3913 Is
248 3870 323 3912 nostr
332 3864 422 3912 Albano
436 3861 575 3925 matum]
592 3860 641 3907 Hic
704 3859 738 3906 45
753 3859 788 3906 Bt
795 3858 939 3922 Sinuessam]
952 3861 1074 3912 Emendat
1087 3855 1190 3904 Marcei·

120 3929 544 4043 &limitum
557 3990 642 4039 act
672 3924 1191 4049 illidituiiliiti‘litt

118 4061 232 4123 Mam
258 4057 289 4103 sd
313 4055 453 4111 maedam,
473 4067 502 4100 ac
521 4067 590 4115 super
616 4052 643 4100 id
673 4059 782 4113 quuntur
799 4054 928 4112 legendum
944 4058 1013 4112 putat
1030 4045 1151 4107 Sigonius,
1168 4051 1192 4093 ct

122 4119 227 4184 carlom]
243 4120 354 4169 Fortasse
370 4121 500 4180 legendum
511 4118 536 4163 iss
549 4118 641 4179 Capito·
672 4116 771 4163 σΙωωω
781 4116 914 4177 nfiaotmn
924 4108 1143 4161 circumducendum.

121 4190 161 4238 iio.
196 4186 255 4234 Fuit
270 4186 336 4244 enim
353 4184 451 4231 Saturni
470 4183 534 4238 tedes
544 4183 570 4229 in
581 4182 643 4229 clivo
707 4179 740 4227 46
755 4182 831 4229 Josos
841 4179 899 4241 tres]
918 4178 953 4224 lli
963 4175 1021 4221 Jani
1035 4181 1102 4221 mant
1114 4183 1191 4224 trans.

123 4252 271 4314 qusitoiino·⁴
303 4251 388 4310 itaqua
404 4246 643 4308 porticusiilsintai-
675 4243 762 4291 itiones
773 4242 870 4306 pervias.
904 4237 961 4283 vid.
974 4245 1023 4285 not.
1037 4238 1144 4288 insui.
1158 4240 1191 4287 ii.

125 4318 215 4377 ligettu
233 4320 351 4389 porrecta
377 4312 405 4359 al
431 4310 479 4359 aas
497 4309 595 4358 Satomi
617 4310 642 4356 in
675 4322 695 4354 c.
708 4307 748 4354 49.
