2942 4750
486 184 783 245 AUCTORUM.
1099 189 1190 249 cxxiii

89 344 333 432 cogitationibus
351 343 503 431 judicem,
520 359 553 411 et
567 348 684 430 saepius
698 347 906 428 ineruditum,
923 348 1082 433 captanda
1094 349 1187 415 nobis

89 447 152 496 est:
176 453 279 518 neque
293 430 349 494 illa
368 431 452 495 Livii
466 431 567 496 lactea
580 432 707 497 ubertas
722 435 795 498 satis
809 432 937 498 docebit
951 456 1035 512 eum,
1052 436 1107 521 qui
1121 458 1187 500 non

11 544 12 549 ¹
90 519 226 602 speciem
242 516 460 601 expositionis,
476 514 530 581 sed
546 517 643 582 fidem
657 520 784 604 quaerit.

474 605 552 667 Post
565 605 659 667 unua
674 606 796 668 ibidem.

136 689 267 752 sitnon
292 687 423 752 historia
443 686 569 751 cessarit
593 690 726 765 Gracia,
744 711 804 752 nec
825 710 986 772 opponere
1008 689 1189 777 Thucydidi

93 771 276 836 Sallustium
292 794 421 836 verear:
447 794 503 836 nec
519 771 702 858 indignetur
723 774 783 837 sibi
809 773 995 838 Herodotus
1009 778 1130 860 aequari
1145 777 1188 847 Τ.

93 857 231 934 Livium,
248 879 346 945 quum
370 859 402 920 in
426 857 585 921 narrando
609 859 699 921 mirre
718 859 937 943 jucunditatis,
960 861 1124 924 clarissimi
1151 885 1190 926 uc

92 943 248 1019 candoris,
264 956 333 1008 tum
349 942 382 1005 in
397 942 604 1007 concionibus
617 965 714 1027 supra
729 965 824 1029 quam
839 947 981 1008 enarrari
995 960 1108 1029 potest,
1124 885 1190 1011 ilo-

24 1026 29 1041 '
91 1042 259 1112 quantem:
282 1029 326 1093 ita
347 1028 497 1092 dicantar
519 1028 626 1092 omnia
647 1051 746 1114 quum
773 1032 874 1105 rebus,
891 1044 958 1093 tum
981 1034 1124 1114 personis
1137 1055 1190 1096 ac·

92 1114 305 1176 commodata.
350 1114 413 1178 Sed
429 1114 557 1177 affectus
572 1114 708 1198 quidem,
722 1116 883 1197 proecipue
893 1138 946 1179 eos
961 1118 1015 1201 qni
1031 1130 1104 1180 sunt
1118 1115 1190 1181 dul·

93 1200 204 1275 ciores,
220 1211 256 1262 ut
270 1199 449 1283 parcissime
470 1198 585 1275 dicam,
601 1221 696 1263 nemo
721 1201 943 1265 historicorum
958 1202 1192 1267 commendavit

93 1286 214 1371 magis3
238 1282 374 1369 ideoque
384 1284 592 1349 immortalem
602 1284 687 1348 illam
700 1284 841 1350 Sallustii
852 1285 1049 1350 velocitatem
1059 1288 1191 1353 diversis

94 1369 263 1434 virtutibus
278 1382 465 1433 consecutus
479 1378 555 1433 est·
581 1370 664 1433 Nam
685 1369 764 1432 mibi
786 1372 913 1457 egregie
933 1371 1050 1437 dixisse
1067 1372 1192 1439 videtur

97 1455 250 1520 Servilius
265 1455 445 1535 Nonianus,
461 1477 552 1537 pares
562 1476 616 1517 eos
632 1457 731 1539 magis
746 1476 840 1540 quam
857 1458 985 1521 similes.

247 1541 369 1604 Plinius
383 1541 516 1623 Praefiit.
531 1540 619 1603 Hut.
637 1542 749 1605 Natur.
765 1545 808 1605 ad
828 1542 948 1623 Vesper.
965 1544 1042 1625 lup.

141 1624 300 1710 Equidem
327 1628 370 1688 itu
391 1626 504 1701 sentio,
533 1625 721 1707 peculiarem
745 1625 777 1688 in
797 1626 909 1690 studiis
929 1649 1056 1692 causam
1082 1648 1193 1691 eorum
1267 1626 1273 1634 ’

97 1732 174 1788 esse,
191 1711 246 1797 qui
268 1710 506 1775 difficultatibus
528 1711 629 1791 victis,
645 1712 812 1778 utilitatem
831 1712 965 1796 jurandi
983 1712 1195 1795 praetulerunt

97 1797 211 1884 gratiae
232 1795 388 1881 placendi.
412 1796 507 1882 idque
524 1796 591 1881 jam
615 1809 647 1861 ot
671 1799 703 1859 in
726 1797 794 1860 aliis
815 1797 964 1882 operibus
986 1798 1053 1881 ipse
1075 1797 1143 1875 leci,
1162 1811 1196 1862 et

121 1882 252 1946 rolitoor
277 1881 384 1947 mirari
412 1904 463 1945 me
478 1882 522 1947 T.
537 1880 687 1960 Livium,¹
703 1895 864 1947 auctorem
889 1882 1139 1961 celeberrimum,
1160 1882 1195 1945 in

97 1903 300 2032 bistoriarum
327 1989 466 2042 suarum,
487 1989 566 2053 quas
592 1970 706 2052 repetit
729 1967 769 2031 ab
795 1969 917 2069 origine
940 1969 1038 2044 urbis,
1056 1969 1195 2055 quodam

96 2052 259 2116 volumine
278 2055 322 2116 sio
345 2075 473 2116 orsum:
496 2054 580 2118 Satis
593 2053 665 2133 jam
690 2056 751 2117 sibi
769 2055 881 2135 gloria
902 2057 1068 2136 palmitum.
1095 2065 1126 2118 et
1135 2076 1196 2137 po·

96 2141 193 2202 tuisse
204 2160 237 2211 se
250 2139 394 2211 desinere,
411 2140 447 2199 ni
461 2139 579 2201 animus
594 2138 708 2219 inquies
718 2148 894 2218 posceretur
904 2159 1002 2219 opere.
1049 2138 1196 2207 Proiecto

98 2224 183 2287 enim
200 2222 310 2306 populi
330 2223 472 2305 gentium
489 2220 623 2296 victoris,
639 2232 671 2284 et
688 2220 827 2284 Romani
843 2220 980 2283 nominis
995 2221 1196 2302 gloriae,non

100 2331 177 2385 suoe,
201 2306 415 2392 composuisse
439 2306 492 2367 illa
513 2307 627 2368 decuit
674 2305 783 2391 Msjus
809 2307 957 2369 meritum
984 2319 1073 2384 esset,
1092 2308 1197 2391 operis

100 2393 221 2470 amore,
233 2414 299 2456 non
314 2393 411 2456 animi
426 2413 521 2456 causa
536 2412 766 2475 perseveram
788 2405 821 2456 et
837 2392 897 2456 boc
911 2392 1032 2478 populo
1048 2393 1197 2464 Romano

102 2480 294 2566 proestitisse,
312 2500 375 2540 non
392 2477 476 2546 sibi..¹

208 2565 361 2629 Cornelius
380 2564 513 2636 Tacitus,
528 2566 670 2627 oratione
684 2562 834 2628 Cremutii
850 2565 951 2639 Cordi,
966 2564 1018 2628 lib.
1032 2564 1059 2628 I
1059 2565 1094 2636 V,

538 2649 762 2714 Annianus.

149 2735 287 2799 Brutum
307 2748 340 2798 et
365 2735 510 2799 Cassium
519 2731 704 2817 {laudasisse
729 2733 837 2796 dicor:
858 2753 997 2816 quorum
1021 2756 1072 2798 res
1095 2745 1199 2820 gestas

105 2820 356 2905 quamplurimi
382 2821 626 2904 composuerint,
650 2839 745 2882 nemo
767 2819 834 2882 sine
857 2818 978 2882 bonore
1004 2823 1199 2890 memoravit.

104 2906 144 2969 Τ.
160 2904 282 2982 Livius,
299 2906 488 2991 eloquentiis
503 2929 541 2971 ac
562 2905 637 2969 fidei
658 2905 831 2988 praelarus
853 2903 1007 2986 inprimis,
1025 2905 1086 2968 Cn.
1103 2905 1201 2971 Pom·

104 2992 214 3075 poium
237 2993 333 3054 tantis
356 2990 503 3054 laudibus
525 2990 609 3068 tulit,
625 3001 662 3053 ut
688 2988 914 3071 Pompeianum
937 3012 1009 3054 eum
1037 2993 1201 3076 Augustus
1311 2977 1315 2996 l

101 3076 292 3162 appellaretr
313 3097 415 3161 neque
427 3074 458 3139 id
471 3075 619 3143 amioiriae
628 3091 738 3137 eorum
750 3072 862 3137 offecit
902 3073 1094 3158 Scipionem,
1106 3074 1201 3142 Afra-

104 3165 206 3238 nium,
221 3160 309 3225 hunc
322 3162 427 3244 ipsum
451 3160 607 3235 Cassium,
623 3157 711 3222 bunc
727 3159 875 3233 Brutum,
893 3179 1045 3243 numnam
1062 3158 1201 3226 latrones

106 3262 139 3312 et
162 3246 345 3332 parricidas,
362 3263 448 3331 quse·
460 3268 547 3312 nunc
566 3242 721 3309 vocabula
745 3243 963 3327 imponuntur,
983 3266 1069 3329 sape
1094 3256 1131 3309 ut
1151 3245 1201 3310 iu-

105 3353 211 3420 ngam
226 3345 483 3483 mosdiildriilli
502 3417 712 3500 Tianquillus,
731 3414 881 3501 Caligula
893 3437 920 3478 a.
936 3424 989 3480 34.

153 3503 216 3568 Sed
231 3513 263 3566 ot
277 3503 404 3590 Virgilii
427 3514 460 3566 et
472 3503 510 3566 Τ.
528 3502 607 3566 Livii
630 3500 747 3585 scripta
768 3514 800 3564 et
822 3500 987 3585 imagines,
1001 3500 1132 3584 paulum
1146 3502 1221 3566 ab·-

105 3590 169 3657 fuit
183 3590 260 3675 quin
275 3609 316 3651 cx
330 3590 478 3669 omnibus
492 3586 692 3652 bibliothecis
706 3585 879 3650 amoverit:
903 3605 1040 3671 quomm
1054 3589 1200 3667 alterum,

106 3690 145 3740 ut
155 3675 272 3775 nqllius
283 3673 403 3760 ingenii
418 3671 803 3758 minimaequedoctrinae3
825 3672 970 3750 alterum,
984 3687 1020 3736 ut
1033 3672 1200 3748 verbosum

107 3764 142 3828 in
157 3760 289 3825 historia
299 3759 588 3846 negligentemque,
603 3759 762 3840 carpebat

467 3845 552 3906 Idem
568 3842 693 3907 Claudii
705 3864 776 3924 cap.
791 3850 843 3907 41.

152 3927 330 3995 Historiam
345 3929 379 3992 in
394 3927 613 4000 adolescentia,
628 3926 778 3991 hortante
793 3927 833 3990 Τ.
851 3925 954 4003 Livio,
972 3924 1113 4011 Sulpicio
1126 3946 1203 3989 vero

111 4016 222 4082 Flavio
236 4018 331 4081 etiam
345 4014 524 4099 adjuvante,
541 4011 677 4076 scribere
691 4033 857 4098 aggressus
871 4022 928 4074 est.

175 4127 178 4133 ¹
441 4100 526 4163 laem
542 4098 722 4164 Domitiani
734 4119 803 4180 cap.
824 4105 872 4160 10.

154 4185 293 4250 Matium
310 4184 575 4268 Pompusianum,
586 4182 674 4269 quod
689 4182 806 4248 habere
818 4180 1060 4265 inperatoriam
1115 4181 1180 4246 nesi

108 4273 205 4360 vulgo
216 4270 389 4351 serebatur,
401 4281 433 4337 et
443 4270 530 4358 quod
543 4267 706 4356 dmictum
721 4268 833 4336 orbern
847 4279 941 4334 terra
951 4266 986 4336 in
999 4202 1202 4352 membr-ua,
