2942 4750
307 202 346 261 66
594 200 612 251 Γ
678 199 791 259 ΤΙΤΙ
823 196 961 258 LIVII

147 376 217 425 usca
228 376 285 426 tet.
309 374 344 429 et
361 363 544 452 lllyriorum
559 361 697 439 castella,
713 362 789 446 ipsis
808 362 1038 427 arcessentibns
1050 361 1210 446 praesidia,
1225 373 1263 429 ut
1283 361 1379 428 tuu‘o·

148 444 179 489 ¹⁴⁹
190 442 218 490 ⁰·
231 442 286 491 ¹⁷¹·
312 472 365 516 res
378 474 397 515 a
412 451 618 515 finitimorum
633 448 745 531 inpetu
761 447 976 512 Macedonum
991 462 1104 524 essent,
1120 448 1218 514 misit.

356 535 533 603 XXXVII.
558 533 672 596 Paucis
695 546 767 617 post
790 533 902 598 diebus
929 534 971 610 Q
999 533 1153 610 Marcius,
1183 536 1222 599 A.
1249 533 1378 609 Atilius,

313 635 346 688 et
369 623 402 686 P.
424 632 456 684 et
479 620 545 683 Ser.
568 618 708 681 Cornelii
734 620 874 696 Lentuli,
897 632 929 683 et
959 620 998 683 L.
1021 620 1198 700 Decimius,
1220 618 1316 705 legati
1345 619 1388 682 in.

314 707 474 773 Grasciam
499 704 597 781 missi,
622 704 798 790 Corcyram
820 705 963 789 peditum
995 703 1083 769 mille
1111 726 1218 768 secum
1244 704 1381 768 advexe·

313 803 407 855 runt:
431 790 474 852 ibi
490 789 573 853 inter
587 812 621 853 se
641 804 674 855 et
694 791 850 877 regiones,
866 814 944 877 quas
959 790 1094 867 obirent,
1111 802 1143 855 et
1166 790 1284 855 milites
1300 790 1381 855 divi·-

152 893 274 953 nsgrttin
312 886 431 938 serunt
477 876 777 940 Decimiusmissus
803 891 850 941 est
875 877 913 940 ad
942 877 1107 953 Gentium,
1125 897 1231 962 regem
1256 875 1381 960 lllyrio-

151 956 291 1030 ΜΨ
314 982 395 1035 rum,
420 983 525 1045 quem,
553 962 579 1024 si
601 964 737 1047 aliquem
768 975 945 1047 respectum
978 961 1126 1024 amicitiae
1156 982 1229 1024 eum
1263 961 1382 1025 habere

150 1020 467 1130 ffiffl'n'cerneret,
483 1058 616 1121 tentare,
633 1060 687 1110 aut
711 1047 807 1110 etiam
834 1047 875 1110 ad
898 1046 973 1110 belli
999 1047 1179 1110 societatem
1204 1046 1380 1130 perticere*

308 1131 424 1219 jassus.
470 1132 601 1201 Lentuli
617 1132 649 1195 in
666 1131 906 1217 Cephalleniam
921 1132 1018 1209 missi,
1030 1146 1065 1195 ut
1078 1132 1112 1195 in
1126 1132 1380 1215 Peloponnesum

314 1220 505 1303 trajicerent,
532 1240 685 1305 oramque
709 1218 816 1295 maris,
837 1219 869 1282 in
892 1218 1088 1282 occidentem
1110 1217 1202 1294 versi,
1219 1230 1292 1279 ante
1313 1215 1383 1280 hie·

312 1326 397 1368 mem
424 1306 640 1369 circumirent.
695 1302 822 1367 Marcio
851 1316 883 1367 et
908 1304 1007 1367 Atilio
1036 1303 1162 1388 Epirus,
1191 1301 1325 1376 AEtolia,
1349 1315 1382 1365 et

313 1391 479 1455 Thessalia
491 1388 728 1456 circumeundae
743 1388 958 1476 adsignantur.
1004 1389 1084 1452 Inde
1105 1388 1265 1452 Boeotiam
1287 1401 1382 1470 atque

315 1476 473 1541 Eaboeam
499 1477 664 1560 adspicere
680 1476 779 1560 jussi;
803 1487 870 1539 turn
893 1475 926 1537 in
944 1474 1201 1558 Peloponnesum
1227 1472 1380 1558 trajicere.

313 1561 359 1626 ibi
374 1578 601 1643 congressuros
625 1585 658 1624 se
681 1583 757 1626 cum
780 1561 923 1625 Lentulis
943 1560 1148 1623 constituunt
1195 1559 1382 1643 Priusquam

314 1647 558 1734 digrederentur
580 1670 599 1709 a
616 1648 767 1731 Corcyra,
785 1648 885 1711 literoe
907 1670 925 1709 a
949 1645 1197 1709 Perseoadlatae
1212 1658 1297 1723 sunt,
1312 1642 1383 1729 qui·

314 1734 374 1799 bus
395 1734 570 1819 quaerebat,
584 1754 657 1818 quoe
683 1754 793 1796 caussa
808 1732 962 1796 Romanis
986 1744 1041 1795 aut
1062 1732 1096 1795 in
1111 1729 1270 1794 Groeoiam
1295 1730 1383 1813 traji-

315 1821 420 1884 ciendi
442 1819 559 1903 copias,
574 1831 629 1881 aut
650 1818 744 1881 urbes
766 1819 953 1903 occupandi,
970 1820 1073 1880 esset?
1109 1816 1172 1880 Cui
1187 1814 1317 1880 rescribi
1333 1814 1384 1877 ni·

261 1980 267 1987 ἢ
315 1903 361 1966 bil
376 1908 514 1987 placuit3
539 1903 657 1968 nuncio
673 1903 780 1986 ipsius,
796 1905 852 1989 qui
875 1904 981 1966 literas
1003 1902 1169 1978 adtulerat,
1185 1901 1261 1983 dici,
1274 1900 1385 1982 praesi-

316 1990 366 2049 dii
378 2011 485 2053 caussa
499 1993 633 2070 ipsarum
646 1989 766 2051 urbium
780 1986 1057 2069 Romanossacers.
1091 1987 1231 2063 Lentuli,
1244 1985 1384 2065 circum-

316 2083 427 2135 euntes
455 2072 666 2155 Peloponnesi
692 2073 820 2157 oppida,
846 2095 946 2158 quum
972 2073 1039 2135 sine
1063 2071 1246 2135 discrimine
1271 2092 1386 2134 omnes

316 2157 459 2221 civitates
474 2156 729 2235 adhortarentur,
746 2172 792 2234 ut,
808 2181 872 2244 quo
886 2159 1002 2233 animo,
1019 2179 1084 2242 qua
1104 2155 1168 2219 fide
1190 2154 1386 2239 adjuvissent

242 2284 247 2297 κ
319 2243 494 2319 Romanos,
520 2243 661 2328 Philippi
683 2244 833 2328 primum,
855 2242 970 2307 deinde
986 2240 1138 2306 Antiochi
1159 2240 1253 2317 bello,
1271 2240 1386 2304 eodem

315 2328 465 2394 adversus
493 2330 607 2394 Persea
625 2330 785 2415 juvarent,
803 2329 961 2394 fremitum
986 2329 1018 2392 in
1043 2326 1249 2392 concionibus
1274 2326 1385 2393 audie·

152 2429 301 2476 densorum
316 2413 420 2482 bantz·
440 2415 568 2480 Achaeis
589 2416 839 2503 indignantibus,
854 2414 966 2478 eodem
989 2436 1022 2477 se
1043 2413 1115 2476 loco
1136 2434 1213 2490 esse,
1228 2413 1299 2497 (qui
1313 2434 1384 2476 οω-

154 2494 267 2553 ‘lum
317 2505 371 2567 nia
386 2527 404 2566 a
419 2502 583 2586 principiis
608 2501 809 2566 Macedonici
833 2500 908 2564 belli
930 2499 1150 2583 praestitissent
1171 2498 1336 2575 Romanis,
1352 2511 1386 2562 et

289 2588 534 2650 Macedonum
560 2585 702 2667 Philippi
723 2585 809 2647 bello
838 2585 943 2649 hostes
965 2584 1109 2664 fuissent)
1141 2606 1206 2671 quo
1232 2582 1387 2647 Messenii

318 2683 415 2753 atque
432 2669 504 2743 Elii,
521 2670 650 2752 qui-pro
667 2668 828 2730 Antiocho
843 2667 934 2731 hoste
947 2689 1037 2733 arma
1056 2669 1205 2734 adversus
1225 2668 1387 2752 populum
1431 2689 1438 2706 ·

320 2755 504 2819 Romanum
537 2749 699 2825 tulissent;
731 2772 779 2825 ae,
811 2773 915 2835 nuper
946 2753 979 2815 in
1004 2754 1177 2819 Achaicum
1209 2753 1387 2818 contributi

318 2838 499 2915 concilium,
524 2836 610 2899 velut
634 2836 804 2920 praemium
827 2837 902 2902 belli
916 2860 950 2901 se
963 2838 1136 2905 victoribus
1150 2840 1277 2905 Achaeis
1299 2839 1388 2904 tradi

344 2937 537 2990 uererentur.

319 2947 570 3080 LXXXVIII.
595 3006 738 3071 Marcius
760 3020 792 3071 et
808 3005 924 3071 Atilius
937 3008 1007 3073 ”ad
1024 3010 1167 3087 Gitanas,
1184 3009 1276 3094 Epiri
1290 3012 1387 3094 oppi-

317 3100 397 3164 dum
422 3098 532 3160 decem
558 3092 659 3156 millia
683 3093 724 3157 ab
748 3094 839 3172 mari,
865 3115 963 3178 quum
990 3095 1227 3172 adscendereat,
1247 3096 1389 3160 concilio

321 3183 525 3267 Epirotarum
556 3178 677 3258 habito,
699 3200 771 3242 cum
802 3201 920 3266 magno
949 3182 1094 3245 omnium
1121 3181 1257 3246 adsensu
1283 3182 1389 3248 auditi

320 3279 413 3332 sunt:
437 3280 469 3331 et
482 3264 730 3357 quadringentos
739 3265 914 3350 juventutis
928 3287 1039 3329 eorum
1054 3267 1086 3329 in
1099 3270 1239 3348 Orestas,
1251 3279 1286 3330 ut
1301 3289 1388 3351 prae-

318 3353 400 3417 sidio
420 3367 522 3417 essem
536 3351 705 3417 ”liberatis
722 3355 763 3415 ab
786 3373 819 3414 se
840 3350 1081 3431 Macedonibus,
1098 3354 1260 3416 miserunt.
1306 3353 1390 3417 lnde
1418 3379 1424 3404 ι

319 3440 351 3503 in
375 3438 528 3503 AEtoliam
551 3437 719 3521 progressi,
743 3460 780 3502 ac
808 3458 926 3522 paucos
947 3436 991 3500 ibi
1013 3438 1128 3502 morati
1150 3439 1227 3515 dies,
1250 3438 1328 3502 dum
1352 3440 1386 3502 in

318 3526 464 3614 praetoris
478 3524 598 3590 mortui
613 3524 719 3588 locum
738 3522 817 3587 nlius
837 3521 1058 3605 subticeretur,
1074 3535 1106 3587 et
1120 3530 1141 3561 ³⁰
1154 3523 1287 3610 Lycisco
1300 3546 1389 3609 prae·

746 3632 762 3678 k
766 3638 875 3700 pelliceo
885 3639 954 3689 Creu.

350 3745 381 3794 28
397 3745 438 3793 Ad
460 3746 570 3810 Gimaar]
599 3745 695 3794 Nomen
723 3747 832 3808 incogni·
863 3747 937 3794 iuerlt
954 3749 1054 3795 mentio.
1088 3748 1136 3795 Sed
1153 3749 1262 3795 Marcius
1272 3750 1316 3809 qui
1331 3757 1389 3797 tan·

316 3817 379 3862 tum.
411 3810 458 3857 Pro
473 3812 617 3859 hiaduabur
635 3812 732 3858 vocibus
751 3813 832 3872 legen·
863 3813 1132 3874 tummodoaCoreyrn
1147 3815 1172 3859 in
1190 3813 1294 3873 Epirum
1312 3828 1390 3861 rene·

315 3876 376 3923 dum
390 3881 474 3923 censet
491 3875 544 3923 Jao.
564 3875 699 3921 Gronovius
714 3875 830 3935 AEgtlma,
863 3883 910 3929 rat,
922 3878 1002 3923 nullos
1021 3884 1132 3936 potuerat
1147 3877 1249 3923 liberare
1270 3875 1392 3924 Macedo·

315 3941 432 4000 oppidum
449 3945 611 3986 memoratam
623 3937 769 3986 Straboniet
781 3939 832 3984 Ste-
865 3953 917 3995 nas,
929 3954 1007 4001 quum
1018 3942 1227 3994 nelliscedoniam
1237 3941 1340 4000 quidem
1353 3949 1392 3987 at-

315 4003 556 4064 phanoexilomero·
580 4002 666 4050 Sodde
676 4004 766 4050 mendo
776 4016 832 4047 con·
864 4005 965 4064 tigisset.
999 4003 1090 4052 Forsan
1106 4006 1204 4065 aliquod
1220 4006 1344 4056 mendum
1356 4007 1392 4052 la·

313 4074 378 4116 nare
396 4083 444 4115 non
463 4074 550 4127 potest,
562 4067 608 4114 nlsl
618 4071 714 4114 constet
725 4079 769 4112 nos
778 4079 832 4113 om·
863 4074 906 4114 tet.
1154 4085 1156 4098 =

315 4131 357 4192 pla
367 4133 427 4179 scire
437 4134 531 4180 debere.
894 4131 927 4179 30
944 4132 1039 4192 Lycisco
1055 4132 1167 4195 patore]
1192 4131 1246 4190 MS.
1258 4134 1393 4192 memplar

335 4192 379 4256 ,29
395 4196 509 4242 Liberalis
524 4196 585 4242 alae
596 4192 774 4258 Macedonibus]
786 4194 831 4240 Vi·
862 4194 1003 4244 babuitPr.
1020 4198 1085 4242 unde
1103 4197 1204 4255 quidam
1226 4195 1306 4241 iecere
1324 4210 1394 4257 pre·

315 4255 386 4302 detra
394 4257 421 4304 ri
430 4259 457 4304 rt
467 4273 491 4306 ee
500 4261 584 4307 rotari
600 4260 686 4306 debere
701 4257 733 4304 sd
745 4257 831 4318 Epiro·
855 4258 928 4320 sacro,
941 4265 969 4307 ut
979 4261 1005 4305 ia
1020 4260 1144 4305 nonnullis
1160 4259 1310 4306 editionibus
1326 4261 1394 4320 tegl-

315 4320 831 4387 mquammnumuujurretpriusaeu
862 4329 910 4372 tur.
941 4323 1237 4385 superstatuerant·
1253 4336 1393 4386 quaproe·
